2594 3878
189 209 251 270 144
434 288 437 296 .
499 213 585 262 ΠΕΡΙ
602 211 731 262 mor
749 212 885 262 υοΜΗΣ.

186 365 296 436 τεμεῖν
323 355 382 418 τὸν
409 365 518 418 κῶνον
545 353 686 442 ἐπιπέδῳ
714 363 867 418 ποιοῦντι
895 356 1058 439 τρίγωνον
1086 353 1123 417 ἐν
1154 364 1208 441 τῷ

185 461 281 546 κώνῳ
306 466 379 525 ίσον
402 471 447 549 τῷ
472 468 503 525 Α
510 465 578 525 ΓΛ.

252 568 346 650 ἤχθω
374 577 413 653 τη
438 570 505 632 ΓΔ
529 568 565 632 ἐν
592 577 638 656 τῳ
665 569 774 655 κύκλῳ
803 569 886 652 πρὸς
912 567 1019 653 ὀρθὰς
1050 568 1107 630 διὰ
1137 577 1207 632 τοῦ

186 672 325 758 κέντρου
353 675 373 758 ἡ
401 679 464 739 ΕΒ
473 680 507 738 Ζ.
552 673 608 738 καὶ
637 673 705 738 ἐπεὶ
733 675 753 758 ἡ
777 680 843 739 ΑΒ
871 673 1015 739 έλοίττων
1043 672 1111 738 ἐστὶ
1140 685 1206 758 τῆς

151 779 222 844 σέκ
249 789 309 844 τοῦ
337 780 491 865 κέντρου,
524 780 721 867 ἐνηρμόσθω
745 782 765 865 ἡ
789 786 862 846 ΑΗ
887 781 1108 846 ὑποτείνουσα
1135 779 1205 865 μὲν

168 887 245 970 ,τὴν
263 889 328 952 ὑπὸ
343 893 443 952 ΑΒΖ
462 892 598 971 γωνίαν,
618 894 672 970 ίση
692 885 728 953 δὲ
747 883 830 954 οὖσα
848 898 887 974 τῇ
910 887 945 952 ἐκ
963 897 1023 952 τοῦ
1041 887 1203 973 κέντρου·

184 1002 282 1058 τοῦτο
307 992 343 1058 δέ
366 992 485 1080 ῥᾴδιον
507 1004 654 1078 ποιῆσαι·
687 993 743 1059 καὶ
766 995 823 1058 διὰ
845 1003 905 1058 τοῦ
929 999 968 1058 Η
981 995 1203 1080 παράλληλος

184 1111 223 1185 τῇ
244 1103 305 1164 ΓΛ
328 1101 422 1184 ἤχθω
447 1101 466 1184 ἡ
493 1105 610 1165 ΘΗΚ·
639 1102 788 1185 ἡΘΗΚ
808 1103 871 1187 ἄρα
894 1102 976 1165 κατὰ
999 1103 1035 1166 τὸ
1060 1106 1100 1166 Η
1118 1103 1201 1186 δίχα

184 1205 337 1290 τέτμηται
360 1206 415 1272 καὶ
437 1209 521 1294 πρὸς
543 1209 649 1294 ὀρθὰς
671 1219 710 1293 τῇ
734 1213 797 1272 ΕΒ
806 1214 841 1272 Ζ.
885 1209 1132 1292 ὃιεκβεβλήσθω
1159 1212 1199 1274 τὸ

133 1328 166 1375 10
185 1314 241 1377 διὰ
260 1324 327 1378 τών
349 1317 423 1397 ΘΚ,
438 1319 510 1378 HA
529 1315 685 1380 ἐπίπεδον
702 1323 822 1379 ποιοῦν
841 1315 877 1379 τὸ
898 1321 929 1378 Α
936 1318 1005 1378 ΘΚ
1020 1319 1198 1400 τρίγωνον.

183 1417 278 1501 λέγω,
302 1419 352 1483 ὅτι
375 1421 412 1484 τὸ
437 1427 468 1484 Α
476 1425 544 1484 ΘΚ
563 1425 729 1506 τρίγωνον
752 1427 826 1485 ίσον
850 1419 918 1484 ἐστὶ
941 1430 986 1508 τῳ
1011 1429 1043 1486 Α
1050 1425 1117 1485 ΓΛ.

250 1525 433 1610 ἐπεζεύχθω
461 1528 481 1610 ἡ
509 1532 583 1591 ΒΘ.
634 1526 702 1592 ἐπεὶ
730 1524 792 1593 οὖν
822 1534 874 1611 ίση
903 1528 922 1611 η
951 1534 983 1592 Α
989 1533 1028 1592 Η
1050 1539 1090 1614 τῇ
1118 1533 1198 1612 ΒΘ,

183 1632 228 1708 ὡς
246 1634 310 1718 ίίρα
329 1634 348 1717 η
368 1637 444 1697 ΑΗ
462 1636 545 1720 πρὸς
563 1639 642 1718 ΗΒ,
666 1635 809 1718 οὕτωςη
831 1639 891 1699 ΘΒ
910 1637 993 1721 πρὸς
1011 1639 1090 1699 ΗΒ.
1125 1634 1198 1700 ἐπεὶ

183 1735 245 1804 οὖν
273 1741 334 1805 δύο
362 1745 508 1826 τρίγωνα
535 1743 575 1806 τὰ
598 1746 716 1825 ΒΘΗ,
740 1747 845 1806 ΗΑΒ
873 1745 953 1826 μίαν
980 1747 1105 1824 γωνίαν
1134 1753 1199 1830 μιᾷ

133 1860 164 1908 lb
183 1851 289 1934 γωνία
322 1854 398 1930 ίσην
430 1852 506 1932 ἔχει·
539 1847 641 1935 ὀρθαί
672 1850 735 1934 γὰρ
769 1850 805 1912 αί
834 1848 898 1913 ὑπὸ
934 1852 1050 1931 ΘΗΒ,
1075 1853 1200 1914 ΑΒΗ·

183 1953 259 2040 περὶ
288 1951 324 2018 δὲ
348 1957 449 2031 ἄλλως
473 1959 595 2038 γωνίας
622 1957 681 2030 τὰς
702 1955 847 2041 πλευρὰς
870 1955 1049 2037 ἀνάλογον,
1078 1953 1201 2022 καὶτὰ

183 2062 291 2144 λοιποί,
315 2062 412 2145 ὅμοια
436 2064 499 2142 ἄρα
522 2063 562 2125 τὰ
581 2066 696 2144 ΒΘΗ,
716 2066 822 2126 ΗΑΒ
846 2065 1004 2148 τρίγωνα·
1029 2062 1074 2137 ὡς
1092 2063 1158 2147 ἄρα
1178 2064 1200 2146 ἡ

182 2171 248 2230 ΒΘ
269 2170 352 2252 πρὸς
378 2173 459 2250 ΘΗ,
487 2167 658 2232 τουτέστιν
677 2168 721 2244 ώς
744 2169 764 2252 η
789 2171 851 2232 ΓΔ
873 2169 955 2253 πρὸς
981 2171 1059 2251 ΘΚ,
1089 2168 1199 2246 οὕτως

182 2275 201 2357 ἡ
226 2278 298 2339 ΗΑ
321 2277 403 2361 πρὸς
426 2279 501 2339 ΑΒ.
545 2276 582 2339 τὸ
606 2277 670 2360 ἄρα
693 2275 758 2339 ὑπὸ
783 2278 853 2358 ΓΔ,
872 2279 938 2338 ΒΑ
962 2281 1036 2338 ίσον
1058 2284 1104 2362 τῳ
1128 2275 1197 2339 ὑπὸ

128 2395 162 2444 20
183 2385 257 2464 ΘΚ,
277 2385 315 2446 Η
318 2389 349 2446 Α
355 2402 361 2416 ·
385 2380 440 2446 καὶ
458 2383 498 2446 τώ
517 2382 642 2466 ἡμίσεα.
675 2383 712 2446 τὸ
731 2389 763 2446 Α
770 2385 830 2446 ΓΑ
849 2385 1014 2467 τρίγωνον
1034 2383 1099 2466 ἄρα
1118 2387 1197 2447 ίσον

181 2487 248 2553 ἐστὶ
271 2499 316 2577 τῷ
341 2493 448 2554 ΑΘΚ
467 2490 631 2576 τριγώνῳ·
657 2489 735 2574 ὅπερ
759 2489 826 2552 ἔδει
848 2497 992 2571 ποιησαι.

659 2708 692 2766 ιγ
707 2733 714 2748 .

244 2807 319 2872 Ἐὰν
338 2821 444 2885 κῶνος
463 2810 567 2894 ὀρθὸς
585 2811 640 2875 διὰ
655 2819 712 2892 τῆς
725 2817 875 2892 κορυφῆς
889 2799 1056 2884 ἐπιπέδοις
1069 2814 1194 2892 τμηθῇ,

179 2925 246 2977 τῶν
269 2911 305 2977 δὲ
328 2916 515 3000 γενομένων
539 2917 575 2981 έν
598 2926 642 3003 τῷ
667 2917 762 3002 κώνῳ
786 2917 959 3000 τριγώνων
976 2915 1068 2990 τινὸς
1087 2915 1107 2999 ἡ
1127 2915 1193 2980 ἀπὸ

252 3078 274 3125 1.
294 3071 356 3142 τόν]
376 3090 450 3142 vop,
470 3091 538 3127 corr.
559 3090 592 3126 ex
611 3071 642 3126 τό
661 3070 780 3124 m.1V.
836 3071 970 3142 zm]
989 3072 1047 3126 ἀπὸ
1068 3076 1117 3126 ΓΔ
1136 3072 1192 3140 Vc,

178 3143 235 3196 ἀπὸ
253 3151 303 3211 τῆς
323 3147 371 3196 ΓΔ
389 3162 420 3212 p,
445 3161 513 3198 corr.
533 3143 637 3198 Gomm.
724 3147 747 3196 9.
767 3143 812 3213 τη]
832 3141 889 3195 ἐστι
906 3150 940 3212 τῇ
958 3160 984 3211 p.
1069 3149 1112 3197 12.
1132 3142 1191 3216 ἴση]

180 3213 224 3283 ίση
245 3211 318 3268 ἐστίν
341 3231 368 3282 p.
460 3214 615 3286 ΒΘ(ο1θ.)]
641 3217 692 3269 ΘΒ
715 3231 742 3282 p.
834 3219 874 3267 13.
900 3217 955 3266 ΗΒ
971 3213 1059 3286 (τίθη
1085 3219 1144 3270 ΒΗ
1163 3233 1192 3284 p.

216 3286 748 3356 14.ΒΘΗ]Βοοοτι·.ρ,ΒΗΘο.
823 3285 1072 3354 ΗΑΒ-ΗΒΗῙ),
1148 3293 1191 3341 15.

177 3356 224 3428 αἱ]
247 3377 279 3426 p,
308 3374 360 3411 om.
380 3356 433 3410 Vc.
526 3358 628 3427 ΘΗΒ]
655 3361 834 3410 HBecorr.
854 3372 880 3423 p.
973 3362 1014 3409 16.
1039 3355 1120 3429 περί]
1143 3375 1190 3427 cp,

178 3426 456 3497 οοωμλίηαρών,
530 3434 572 3483 17.
593 3429 686 3498 ΗΑΒ]
705 3431 792 3480 ΑΒΗ
807 3444 833 3494 p.
908 3431 949 3480 18.
971 3428 1046 3498 ΘΗ]
1068 3430 1143 3484 GK?
1162 3447 1189 3498 p.

214 3506 255 3554 19.
277 3501 342 3570 ΗΑ]
362 3515 430 3553 corr.
451 3515 485 3552 ex
505 3503 559 3552 ΗΒ
577 3517 604 3568 p.
682 3496 755 3568 ίσον]
776 3497 837 3551 ίσον
857 3497 915 3551 ἐστί
930 3514 956 3565 p.
1040 3504 1082 3552 20.
1103 3499 1135 3553 τό
1157 3532 1189 3541 -

178 3569 245 3640 ἄρα]
256 3571 295 3633 Ιτὸ
310 3569 366 3637 ἄρα
379 3575 458 3624 ΑΓΔ
470 3568 607 3638 τρίγωνον
626 3587 652 3636 p.
709 3575 750 3622 21.
770 3568 938 3641 τριγώνῳ-
947 3571 1075 3640 ποιῆσαι]
1091 3585 1146 3626 om.
1161 3590 1188 3640 p.
