2604 3880
154 226 219 290 266
464 225 552 278 mm
569 225 698 279 κααον
716 226 853 281 'rom

154 375 234 436 AM
257 381 296 457 τῇ
324 374 404 435 ΛΗ.
450 367 520 436 ἐπεὶ
547 365 610 436 οὖν
636 369 657 452 ἡ
685 366 746 454 μὲν
769 374 839 436 AA
865 372 985 454 μείζων
1011 365 1079 433 ἐστὶ
1107 378 1166 452 της

154 483 235 561 AB,
267 477 288 560 ἡ
321 473 358 542 δὲ
385 481 451 542 ΑΒ
483 477 544 542 οὐκ
577 475 725 542 ἐλάσσων
756 485 814 560 τῆς
842 481 925 560 ΒΗ,
957 474 977 559 ἡ
1004 476 1068 560 άρα
1096 479 1167 540 AA

154 587 273 668 μείζων
307 581 400 650 ἐστίν
435 581 589 669 ἑκατέρας
624 594 692 648 τῶν
723 588 805 667 AB,
838 588 915 648 BH.
970 582 990 666 ἡ
1023 580 1059 647 δὲ
1095 586 1172 647 ΛΗ

155 691 299 756 ἐλάττων
322 688 476 776 ἑκατέρας
498 701 565 756 τῶν
588 695 669 774 AB,
693 694 774 755 BH·
797 701 865 754 τῶν
888 691 953 776 άρα
975 693 1057 773 AB,
1080 692 1164 772 BH,

119 801 237 882 5AA,
270 801 347 862 ΛΗ
373 801 508 882 μεγίστη
538 793 599 881 μὲν
626 796 647 880 ἡ
675 801 759 881 AA,
791 795 943 882 ἐλαχίστη
972 794 1009 861 δὲ
1035 795 1056 879 ἡ
1084 799 1164 860 AH.

155 903 227 970 ἀλλ’
248 904 269 988 ἡ
292 901 353 990 μὲν
376 907 450 968 ΒΗ
468 913 507 990 τῇ
531 902 707 968 ΒΓίστιν
730 909 799 987 ίση,
824 904 845 988 ἡ
868 900 906 968 δὲ
927 907 997 968 AA
1018 913 1059 988 τῇ
1082 907 1164 986 ΔΕ,

154 1010 174 1094 ἡ
202 1009 239 1077 δὲ
267 1015 353 1095 AH,
384 1009 555 1076 τουτέστιν
583 1009 603 1093 ἡ
632 1013 721 1094 AM,
753 1019 793 1096 τη
820 1015 898 1094 ΕΖ,
928 1007 1165 1094 ὡςάείξομεν·

154 1130 221 1184 τῶν
244 1121 308 1205 άρα
330 1122 412 1202 AB,
440 1120 517 1200 BF,
545 1121 628 1201 ΔΕ,
650 1121 714 1182 ΕΖ
737 1117 881 1182 εὐθειῶν
903 1120 1038 1201 μεγίστη
1061 1111 1123 1200 μὲν
1144 1115 1165 1199 ἡ

154 1231 237 1310 ΛΕ,
261 1225 412 1310 ἐλαχίστη
436 1221 472 1289 δὲ
495 1223 515 1307 ἡ
539 1227 615 1289 ΕΖ·
639 1223 657 1289 ὃ
680 1222 849 1309 προέκειτο
874 1222 986 1302 δείξαι.

104 1435 137 1484 10
634 1416 698 1488 ντί

219 1543 296 1610 Ἐάν
315 1543 377 1607 δύο
396 1543 526 1608 εὐθεῖαι
545 1547 614 1607 ίσαι
632 1541 828 1628 διῃρημέναι
847 1538 930 1608 ὦσιν
948 1541 1064 1625 οὕτως,
1083 1543 1166 1607 ὥστε

154 1649 210 1716 καὶ
241 1652 278 1717 τὸ
310 1649 376 1716 ὑπὸ
408 1661 475 1715 τῶν
504 1648 682 1735 τμημάτων
709 1658 767 1733 τῆς
794 1647 905 1735 ἑτέρας
931 1657 976 1736 τῷ
1004 1648 1070 1713 ὑπὸ
1098 1659 1165 1714 τῶν

154 1759 332 1844 τμημάτων
353 1765 412 1841 τῆς
435 1762 552 1841 λοιπῆς
574 1762 649 1822 ίσον
671 1750 767 1839 εἶναι,
789 1753 846 1819 καί
868 1756 909 1819 τά
929 1757 1078 1840 τμήματα
1096 1767 1165 1832 τοῖς

154 1868 320 1951 τμήμασιν
343 1870 398 1928 ίσα
421 1867 511 1930 ἔσται
535 1861 689 1950 ἑκάτερον
713 1859 862 1950 ἑκατέρῳ.

105 1983 137 2033 16
223 1975 370 2037 ἔστωσαν
401 1970 531 2036 εὐθεῖαι
565 1975 633 2034 ίσαι
661 1968 818 2053 ἀλλήλαις
845 1969 883 2033 αί
910 1971 1038 2051 AAM,
1064 1972 1165 2032 ΔΕΖ

158 2075 353 2163 διῃρημέναι
371 2077 453 2140 κατὰ
471 2077 512 2140 τὰ
531 2079 563 2141 A
580 2073 636 2140 καὶ
654 2080 686 2140 Ε
701 2087 829 2160 σημεῖα,
849 2076 932 2141 ὥστε
951 2075 988 2140 τὸ
1006 2073 1072 2139 ὑπὸ
1086 2080 1120 2139 A
1125 2079 1166 2158 A,

156 2188 237 2249 AM
251 2189 325 2248 ίσον
344 2177 429 2248 είναι
448 2190 494 2270 τῷ
512 2181 578 2246 ὑπὸ
596 2193 664 2248 τῶν
681 2187 759 2266 ΔΕ,
777 2187 849 2247 ΕΖ.
887 2181 982 2267 λέγω,
1006 2181 1056 2246 ὅτι
1076 2179 1166 2246 ἐστὶν

157 2297 210 2375 ίση
233 2290 254 2374 ἡ
277 2293 347 2355 AA
368 2298 408 2376 τη
431 2292 507 2354 ΛΕ.

222 2394 292 2463 ἐπεὶ
316 2402 371 2480 ίση
394 2395 414 2480 ἡ
438 2397 517 2460 AM
537 2404 576 2481 τῇ
599 2399 681 2478 ΔΖ,
704 2392 760 2459 καὶ
783 2395 821 2459 αί
840 2394 986 2480 ἡμίσειαι
1009 2396 1073 2482 άρα
1097 2399 1166 2459 ίσαι

103 2516 138 2566 20
156 2507 250 2570 είσίν.
301 2504 384 2569 ὥστε
415 2500 471 2568 καὶ
502 2503 539 2568 τὸ
573 2501 637 2567 ἀπὸ
669 2510 727 2586 τῆς
757 2502 906 2587 ἡμισείας
932 2511 990 2588 τῆς
1017 2505 1099 2567 AM
1119 2510 1165 2589 τῷ

156 2612 219 2678 ἀπὸ
247 2621 305 2696 τῆς
330 2609 480 2696 ἡμισείας
507 2618 566 2693 τῆς
587 2614 620 2673 Δ
627 2613 654 2673 Ζ
681 2614 755 2674 ίσον
778 2608 878 2674 ἐστίν.
924 2611 955 2673 εί
976 2605 1037 2693 μὲν
1060 2605 1165 2692 οὖνὴ

155 2722 238 2783 ΑΜ
254 2718 331 2802 δίχα
353 2715 506 2801 τέτμηται
528 2715 611 2780 κατά
633 2716 670 2780 τὸ
695 2720 736 2798 A,
761 2719 820 2780 καί
840 2715 910 2780 ἐστι
932 2717 970 2781 τὸ
993 2716 1059 2781 ὑπὸ
1082 2719 1166 2799 ΑΛ,

156 2827 236 2889 AM
248 2824 286 2888 τὸ
306 2822 370 2888 άιτὸ
388 2832 447 2907 της
464 2821 623 2906 ἡμισείας,
641 2819 697 2886 καί
715 2820 735 2904 ἡ
751 2826 818 2886 ΔΖ
837 2823 901 2909 άρα
919 2823 996 2907 δίχα
1014 2820 1166 2907 τέτμηται

154 2931 236 2995 κατά
259 2931 296 2995 τὸ
315 2934 354 3014 Ε,
378 2928 490 3013 ἐπειδὴ
513 2929 550 2992 τὸ
573 2927 639 2992 ὑπὸ
662 2932 739 3012 ΔΕ,
758 2932 822 2993 ΕΖ
845 2935 920 2994 ίσον
942 2927 1012 2994 ἐστὶ
1033 2938 1080 3017 τῷ
1103 2927 1167 2994 άιτὸ

103 3049 136 3098 25
155 3046 212 3120 τῆς
235 3036 383 3121 ἡμισείας
404 3045 462 3120 τῆς
480 3038 566 3118 AM,
592 3032 741 3099 τουτέστι
763 3044 821 3120 τῆς
843 3035 993 3120 ἡμισείας
1015 3045 1073 3120 τῆς
1090 3040 1167 3102 ΔΖ,

227 3233 250 3284 8.
269 3228 288 3300 ἡ
307 3225 339 3283 δέ
353 3259 387 3270 -
402 3227 583 3300 4.BH(pr.)]
602 3243 655 3282 om.
670 3245 697 3298 p.
767 3233 792 3283 8.
811 3224 875 3300 μέν]
894 3224 945 3296 μέν
965 3226 1039 3283 ἐστιν
1057 3245 1084 3298 p.
1142 3232 1167 3282 9.

155 3299 170 3356 ὃ
185 3297 329 3370 προέκειτο
345 3299 445 3370 δεῖξαι]
465 3315 518 3354 om.
528 3317 555 3368 p.
614 3304 655 3354 10.
675 3298 736 3372 νς’]
752 3316 805 3355 om.
816 3297 849 3368 V,
869 3298 953 3369 ηδ’μ.
1010 3303 1052 3353 11.
1068 3296 1166 3369 οὕτως]

155 3391 209 3442 vp,
229 3389 309 3427 euan.
328 3371 362 3442 V,
380 3387 437 3440 rep.
457 3387 512 3438 mg.
532 3387 568 3424 m.
587 3386 642 3424 reo,
717 3375 757 3426 12.
777 3368 841 3442 καί]
861 3387 914 3426 om.
934 3388 961 3441 p.
1036 3375 1077 3424 1³.
1096 3378 1155 3433 τοῖς

156 3459 171 3498 ε
189 3459 258 3498 corr.
276 3461 303 3514 p.
396 3448 436 3497 14.
462 3438 595 3509 ἑκάτερον
614 3439 751 3567 ἑκατέρῳ]
767 3459 820 3497 om.
839 3460 866 3511 p.
960 3447 1001 3496 16.
1021 3439 1100 3512 ὥστε]
1118 3461 1156 3496 αα

157 3513 222 3568 ἔστω
227 3532 272 3653 ῑμη
291 3519 364 3638 ἔ617.
385 3507 471 3584 εἶναι]
491 3528 544 3566 om.
559 3529 586 3580 p.
643 3511 716 3569 ἐστίν
747 3513 792 3585 τη]
813 3511 857 3583 ἴση
873 3510 946 3568 ἐστίν
964 3529 992 3582 p.
1049 3517 1089 3566 19.
1108 3510 1166 3583 ἴση]

155 3582 208 3652 γὰρ
321 3581 366 3639 τίν
383 3602 410 3653 p.
501 3588 544 3637 23.
563 3581 611 3653 τό]
632 3581 749 3656 ίσοντῷ
766 3602 793 3654 p.
866 3583 901 3656 ἡ]
918 3602 951 3653 p,
975 3599 1029 3638 om.
1049 3581 1081 3637 V.
