2604 3880
191 223 256 286 268
506 225 593 274 ΠΕΡΙ
610 223 739 276 Κωαον
757 224 893 277 Τοιιαε.

259 369 289 432 εἴ
311 364 348 432 δὲ
370 369 425 452 μή,
448 369 686 452 τετμήσθωσαν
709 368 785 450 δίχα
803 368 885 431 κατὰ
903 367 944 430 τὰ
962 370 1006 450 Ν,
1025 365 1055 440 Ξ
1071 377 1206 450 σημεῖα·

193 479 247 556 ἴση
270 476 334 560 ἄρα
357 473 377 556 η
401 478 481 539 ΝΜ
502 474 619 538 εὐθεῖα
641 483 680 558 τη
705 472 774 547 ΞΖ.
813 479 887 537 ἴσον
910 475 974 559 ἄρα
997 473 1033 537 τὸ
1057 471 1121 538 ἀπὸ
1145 483 1206 557 τῆς

192 585 276 645 ΝΜ
294 591 338 668 τῷ
363 579 426 645 ἀπὸ
450 591 507 664 τῆς
526 579 597 664 ΞΖ,
620 578 769 644 τουτέστι
787 581 824 644 τὸ
843 579 908 644 ὑπὸ
928 586 960 644 Α
966 583 1010 664 Λ,
1030 583 1111 644 AM
1124 582 1207 664 μετὰ

193 695 252 750 τοῦ
280 686 343 752 ἀπὸ
371 691 443 752 NA
471 693 545 751 ἴσον
573 685 642 751 ἐστὶ
669 696 714 774 τῷ
742 686 807 751 ὑπὸ
837 691 918 769 ΛΕ,
945 691 1010 750 ΕΖ
1037 687 1116 770 μετὰ
1142 697 1206 752 τοῦ

158 792 256 857 οιίπὸ
276 792 352 876 ΞΕ,
375 788 423 858 ὧν
446 795 483 858 τὸ
506 793 571 858 ὑπὸ
590 797 674 876 ΑΛ,
694 797 775 857 AM
791 801 837 880 τῷ
860 791 925 856 ὑπὸ
944 797 1026 876 ΔΕ,
1045 797 1107 856 ΕΖ
1129 798 1207 858 ἴσον

194 898 275 965 ἐστί·
304 901 420 965 λοιπὸν
447 902 511 986 ἄρα
538 901 575 964 τὸ
604 899 667 965 ἀπὸ
696 903 767 964 NA
794 908 839 986 τῷ
868 898 932 963 ἀπὸ
958 907 1016 982 τῆς
1039 898 1103 972 ΞΕ
1129 904 1206 964 ἴσον

194 1005 296 1070 ἐστίν·
321 1012 375 1089 ἴση
399 1008 462 1092 ίίρα
485 1006 506 1090 η
529 1011 601 1071 NA
623 1016 662 1091 τῇ
683 1005 753 1079 ΞΕ.
795 1009 863 1070 ἔστι
886 1002 923 1069 δὲ
946 1003 1001 1069 καὶ
1023 1005 1044 1088 ἡ
1063 1009 1146 1070 ΝΜ
1165 1015 1206 1092 τῇ

194 1113 255 1187 ΞΖ
283 1119 349 1195 ἴση·
379 1115 476 1197 λοιπὴ
505 1115 569 1198 ἄρα
596 1113 616 1196 η
641 1116 721 1177 AM
738 1121 777 1197 τη
800 1117 864 1176 ΕΖ
889 1118 952 1194 ἴση.
999 1113 1082 1176 ὥστε
1104 1109 1161 1176 καὶ
1184 1111 1213 1194 ἡ

193 1223 262 1284 AA
285 1229 324 1304 τῇ
348 1224 418 1284 ΛΕ
440 1227 506 1303 ἴση·
532 1221 610 1305 ὅπερ
635 1221 701 1284 ἔδει
725 1217 837 1296 δείξαι.

142 1430 175 1477 10
670 1413 730 1492 κζ’.
842 1455 845 1462 ·

258 1536 334 1603 Ἐὂιν
361 1549 467 1615 κῶνος
494 1539 657 1621 σκαληνὸς
684 1539 740 1603 διὰ
762 1547 822 1602 τοῦ
846 1536 963 1615 ἄξονος
985 1544 1110 1623 τμηθῇ,
1138 1548 1208 1602 τῶν

82 1684 84 1690 ,
195 1643 382 1728 γενομένων
419 1646 591 1729 τριγώνων
627 1646 664 1710 τὸ
701 1647 811 1728 μεῖζον
845 1647 977 1728 μείζονα
1008 1646 1208 1729 περίμετρον

195 1754 275 1836 ἔχει,
299 1749 354 1816 καὶ
378 1747 418 1817 οὗ
441 1750 606 1838 τριγώνου
630 1754 749 1836 μείζων
771 1749 791 1833 ἡ
814 1753 1022 1836 περίμετρος,
1045 1747 1100 1814 καὶ
1124 1749 1207 1814 αὐτὸ

195 1861 305 1943 μεῖζόν
328 1858 406 1924 ἐστι.

143 1980 175 2027 15
262 1966 434 2048 τετμήσθω
467 1977 574 2042 κῶνος
606 1966 769 2049 σκαληνὸς
801 1965 857 2028 διὰ
889 1971 949 2028 τοῦ
977 1967 1042 2027 ΑΒ
1076 1961 1204 2046 ἄξονος,

197 2069 252 2134 καὶ
279 2069 427 2152 γενέσθω
456 2071 492 2136 ἐκ
518 2080 576 2155 τῆς
598 2080 699 2156 τομης
722 2072 762 2135 τὰ
785 2076 817 2134 A
824 2073 897 2154 ΓΛ,
925 2074 1026 2134 ΑΕΖ
1050 2073 1207 2154 τρίγωνα,

196 2179 306 2260 μεῖζον
324 2171 361 2239 δὲ
379 2177 416 2240 τὸ
435 2179 553 2260 ΑΓΔ,
572 2177 655 2241 ὥστε
673 2179 735 2260 την
753 2173 813 2260 μὲν
831 2181 897 2240 EA
915 2185 973 2258 τῆς
991 2180 1056 2240 ΑΖ
1075 2179 1208 2260 μείζονα

196 2278 291 2366 εἶναι,
314 2283 375 2366 την
399 2278 436 2346 δὲ
460 2285 523 2346 ΓΑ
545 2291 603 2366 τῆς
626 2288 695 2348 ΑΛ
718 2284 762 2366 μὴ
786 2281 950 2347 ἐλάττονα.
993 2280 1087 2365 λέγω,
1112 2281 1206 2364 ὅτιὴ

196 2393 300 2455 ΑΓΔ
326 2391 519 2476 περίμετρος
542 2399 600 2473 τῆς
622 2395 723 2455 ΑΕΖ
746 2387 943 2475 περιμέτρου
966 2391 1084 2472 μείζων
1108 2387 1180 2452 ἐστί
1201 2440 1208 2452 .

144 2511 178 2560 20
264 2495 333 2562 ἐπεὶ
360 2497 423 2582 γὰρ
453 2503 522 2561 ἴσαι
549 2493 609 2580 μὲν
637 2499 674 2562 αί
700 2500 775 2580 ΓΛ,
803 2501 866 2560 ΕΖ
893 2493 1020 2579 βάσεις,
1047 2495 1142 2578 κοινὴ
1170 2491 1208 2558 δὲ

199 2599 295 2687 ἦκται
331 2603 351 2686 ἡ
385 2607 452 2668 ΒΑ
489 2601 541 2668 ἐπὶ
578 2605 639 2687 τὴν
676 2605 868 2688 ὃιχοτομίαν
904 2603 1015 2667 αὐτῶν
1051 2601 1114 2666 ἀπὸ
1151 2610 1210 2684 τῆς

197 2719 357 2797 κορυφῆς,
379 2712 438 2774 καί
459 2709 527 2774 ἐστι
551 2711 588 2775 τὸ
607 2715 707 2774 ΑΕΖ
730 2719 790 2775 τοῦ
809 2715 842 2773 A
848 2713 909 2774 ΓΔ
932 2711 1077 2791 ἔλαττον,
1100 2707 1121 2790 ἡ
1144 2709 1209 2794 ἄρα

196 2823 264 2881 EA
296 2817 379 2902 πρὸς
406 2821 472 2880 ΑΖ
500 2820 631 2900 μείζονα
659 2819 760 2899 λόγον
788 2819 853 2900 ἔχει
879 2816 962 2901 ἥπερ
990 2814 1010 2897 ἡ
1040 2817 1099 2879 ΓΑ
1125 2815 1210 2899 πρὸς

197 2929 230 2987 A
236 2929 278 3006 A,
303 2923 347 2998 ὡς
366 2921 501 3006 ἐδείχθη
521 2923 557 2988 ἐν
575 2932 621 3010 τῷ
639 2921 694 2987 κα’
713 2925 917 3008 θεωρήματι·
941 2920 961 3004 ἡ
980 2919 1041 3005 μὲν
1060 2923 1123 3008 ἄρα
1142 2925 1210 2984 ΕΑ

271 3159 293 3204 1.
314 3153 351 3218 N,
367 3151 408 3221 Ξ]
428 3166 443 3204 ε
463 3167 531 3205 corr.
550 3169 577 3219 p.
650 3155 674 3203 2.
694 3157 742 3218 τῆς
762 3153 833 3204 ΝΜ
846 3154 883 3221 τῷ
901 3148 987 3274 ἀτάρ,
996 3165 1049 3204 om.
1068 3166 1095 3218 ρ,
1114 3155 1163 3217 τῆς
1178 3152 1216 3201 Μ

987 3264 994 3289 ι

198 3227 235 3294 τῷ
254 3238 338 3292 supra
357 3237 407 3275 scr.
427 3239 463 3275 m.
484 3227 507 3276 1.
581 3226 606 3275 3.
624 3229 673 3290 τῆς
692 3221 757 3292 ΞΖ]
777 3239 831 3290 vp,
860 3235 940 3274 euan.

197 3310 251 3348 rec.
320 3298 344 3347 8.
364 3291 459 3363 ἴοιπηΊ
478 3293 527 3346 καὶ
546 3291 629 3360 λοιπή
647 3311 674 3360 p.
746 3300 780 3363 τῇ
800 3292 863 3363 ΕΖ]
883 3309 933 3361 vp,
956 3295 1063 3344 Zcorr.
1080 3307 1114 3344 ex
1130 3292 1159 3350 Ξ
1174 3290 1209 3358 V,

197 3381 254 3434 rep.
274 3383 329 3434 mg.
348 3382 384 3418 m.
404 3379 457 3418 ree.
536 3362 596 3435 ἴση]
622 3363 695 3418 ἐστιν
714 3362 759 3432 ἴση
778 3381 804 3432 p.
896 3368 921 3418 9.
941 3360 1009 3430 ὅπερ
1030 3361 1087 3416 ἔδει
1105 3362 1209 3485 &Q

200 3433 274 3490 ἐστίν
291 3455 318 3504 p.
393 3440 434 3490 10.
454 3435 511 3505 νζ]
531 3451 584 3489 om.
599 3434 632 3502 V,
652 3435 696 3490 γε’
711 3453 737 3504 p.
812 3438 853 3488 17.
873 3431 998 3504 μείζονα]
1017 3451 1044 3502 p,
1064 3434 1157 3502 μεῖζον
1204 3476 1210 3488 .

236 3511 277 3561 18.
302 3504 447 3578 ἐλάττονα]
468 3503 648 3574 ἐλάσσονας).
741 3510 781 3560 19.
805 3513 907 3574 τῆς-
926 3505 1011 3575 ἐστίν]
1035 3502 1134 3572 μείζων
1153 3503 1212 3558 ἐστὶ

199 3585 248 3646 τῆς
266 3581 347 3631 ΑΕΖ
365 3575 531 3646 περιμέτρον
549 3595 575 3646 p.
645 3582 687 3631 20.
706 3573 769 3648 με’ν]
789 3573 840 3646 μέν
859 3577 928 3632 εἰσιν
948 3588 974 3645 p.
1031 3576 1091 3646 ΓΔ]
1110 3581 1136 3629 Δ
1143 3578 1170 3628 Γ
1183 3593 1212 3644 p.

1020 3236 1077 3288 rep.
1096 3237 1151 3289 mg.
1171 3237 1208 3272 m.
