2604 3880
152 205 220 272 200
469 207 556 258 nm
573 206 703 259 mor
720 207 857 258 ΤοιιΗΣ.

628 384 693 449 λδ’.

220 509 296 576 Ἐὰν
319 510 356 576 έν
377 511 474 598 κώνῳ
498 515 651 598 σκαληνῷ
677 508 838 594 τμηθέντι
861 510 918 573 διὰ
941 519 999 593 τῆς
1021 518 1173 594 κορυφῆς

155 615 322 694 ἐπιπέδοις
344 615 432 682 τισὶν
455 614 509 682 ἐπὶ
531 619 753 703 παραλλήλων
774 616 907 700 βάσεων
928 618 1081 699 ι’σοσκελῆ
1103 618 1173 700 τρί-

155 747 247 807 γωνα
275 732 394 809 συστῇ,
422 721 476 807 ἐφ’
506 722 524 788 ὃ
551 722 651 807 μέρος
677 724 854 808 προσνεύει
876 722 895 788 ὁ
917 721 1021 807 ἄξων,
1043 733 1111 786 τῶν
1133 719 1172 786 δὲ

120 828 344 914 ὀρινομένων
374 832 555 895 ἰσοσκελῶν
586 830 624 894 ἓν
652 829 768 895 ὁτιοῦν
798 835 872 894 ἴσον
900 823 922 916 ᾖ
951 839 997 918 τῷ
1027 830 1084 892 διὰ
1110 837 1171 892 τοῦ

156 938 274 1015 ἄξονος
302 939 477 1020 ἰσοσκελεῖ,
503 935 524 1019 ἡ
553 935 617 1001 ἀπὸ
644 946 703 1019 τῆς
729 945 880 1022 κορυφῆς
907 934 960 1000 ἐπὶ
987 938 1049 1020 τὴν
1071 935 1171 1020 βᾶσιν

156 1052 217 1108 τοῦ
239 1045 406 1130 τριγώνου
428 1043 570 1119 κάθετος
591 1045 710 1127 μείζων
733 1045 824 1107 ἔσται
847 1051 908 1106 τοῦ
930 1041 1057 1120 ἄξονος.

224 1153 307 1216 ἔστω
335 1151 498 1233 σκαληνὸς
523 1173 644 1233 κονος,
670 1144 711 1214 οὗ
733 1149 866 1234 κορυφὴ
888 1150 926 1214 τὸ
949 1155 997 1233 A,
1024 1147 1112 1226 ἄξων
1134 1144 1172 1211 δὲ

157 1257 176 1323 ὁ
200 1261 267 1322 ΑΒ
289 1257 485 1342 προσνεύων
508 1253 562 1321 ἐπὶ
584 1256 624 1320 τὰ
642 1263 703 1324 τοῦ
721 1261 755 1319 Δ
772 1253 865 1340 μέρη,
887 1256 985 1338 βάσις
1005 1252 1042 1319 δὲ
1060 1255 1078 1320 ὁ
1096 1251 1172 1338 περὶ

105 1375 139 1426 10
158 1365 196 1430 τὸ
220 1368 249 1429 Β
276 1362 415 1449 κέντρον
440 1364 575 1446 κύκλος,
602 1370 663 1426 τοῦ
691 1357 727 1425 δὲ
754 1363 837 1447 πρὸς
864 1361 971 1447 ὀρθὰς
992 1371 1038 1449 τῷ
1061 1363 1171 1448 κύκλῳ

158 1471 215 1536 θιᾶ
244 1479 304 1534 τοῦ
335 1468 452 1546 ἄξονος
481 1469 648 1554 τριγώνου
677 1467 774 1551 βάσις
804 1470 886 1532 ἔστω
916 1467 936 1550 ἡ
968 1472 1082 1552 ΓΒΔ,
1116 1465 1174 1532 καὶ

157 1578 318 1660 ἤχθωσαν
344 1584 384 1660 τῇ
413 1578 478 1639 ΓΔ
505 1575 588 1660 πρὸς
617 1573 724 1660 ὀρθᾶς
753 1573 789 1638 έν
818 1584 864 1662 τῷ
894 1576 1005 1662 κύκλῳ
1035 1576 1072 1638 αἱ
1097 1578 1173 1656 ΒΖ,

159 1685 243 1766 ΕΗ,
265 1679 321 1746 καὶ
344 1680 527 1765 ἐπεζεύχθω
546 1677 566 1762 ἡ
587 1685 668 1763 ΑΒ,
690 1677 747 1744 καὶ
763 1680 954 1745 ὑποκείσθω
974 1682 1011 1745 τὸ
1030 1681 1086 1745 διὰ
1104 1692 1173 1744 τῶν

160 1793 241 1873 ΑΕ,
264 1791 339 1853 EH
358 1783 522 1864 ἰσοσκελὲς
550 1792 624 1852 ἴσον
647 1781 801 1875 εἶναιτῷ
824 1787 881 1850 διὰ
903 1798 971 1851 τῶν
993 1791 1073 1871 ΑΒ,
1096 1791 1174 1870 ΒΖ,

107 1907 140 1956 15
160 1895 178 1959 ὅ
201 1895 271 1961 ἐστι
293 1905 338 1983 τῷ
362 1895 418 1960 διὰ
441 1901 501 1959 τοῦ
524 1891 641 1972 ἄξονος
665 1895 833 1959 ίσοσκελεῑ.
870 1892 965 1977 λέγω,
988 1894 1039 1958 ὅτι
1061 1893 1082 1976 ἡ
1106 1899 1177 1959 ΑΒ

159 2006 278 2087 μείζων
301 1999 370 2067 ἐστὶ
392 2011 450 2084 τῆς
472 2005 547 2066 ΑΒ.

228 2106 296 2172 ἐπεὶ
319 2108 382 2192 γᾶρ
405 2109 442 2172 τὸ
466 2108 522 2171 διὰ
545 2118 612 2171 τῶν
630 2111 711 2189 ΑΕ,
729 2112 804 2172 ΒΗ
823 2105 988 2184 ἰσοσκελὲς
1012 2113 1085 2172 ἴσον
1104 2106 1175 2172 ἐστὶ

160 2223 206 2302 τῷ
230 2214 286 2278 διὰ
309 2223 377 2278 τῶν
400 2217 476 2296 ΑΒ,
496 2217 571 2296 ΒΖ,
592 2210 649 2276 καὶ
671 2213 708 2277 τὸ
731 2213 797 2278 ὑπὸ
819 2223 888 2279 τών
910 2219 987 2299 ΛΕ,
1005 2218 1079 2278 ΕΗ
1099 2221 1175 2278 ἴσον

161 2318 230 2386 ἐστὶ
253 2329 298 2408 τῷ
320 2319 386 2385 ὑπὸ
408 2331 476 2385 τών
498 2323 579 2403 ΑΒ,
602 2323 681 2403 ΒΖ,
704 2319 750 2396 ὡς
772 2321 836 2406 ἄρα
859 2321 879 2404 ἡ
903 2325 966 2385 ΒΖ
988 2323 1071 2406 πρὸς
1093 2325 1174 2404 ΕΗ,

108 2439 143 2490 20
162 2428 267 2505 οὕτως
294 2426 314 2511 ἡ
342 2432 409 2493 ΕΑ
435 2428 518 2513 πρὸς
546 2430 622 2491 ΑΒ.
667 2429 786 2510 μείζων
813 2424 850 2491 δὲ
877 2427 897 2510 ἡ
921 2433 986 2492 ΒΖ
1008 2438 1066 2512 τῆς
1090 2432 1175 2493 HE·

161 2537 280 2620 μείζων
303 2535 367 2621 ἄρα
389 2531 444 2600 καὶ
467 2533 488 2617 ἡ
511 2538 578 2598 EA
600 2542 659 2618 τῆς
681 2537 754 2598 ΑΒ.

637 2727 696 2793 λε’.

227 2851 303 2918 Ἐὰν
330 2853 367 2918 έν
389 2855 485 2942 κώνῳ
509 2858 661 2940 σκαληνῷ
684 2851 843 2936 τμηθέντι
867 2855 923 2918 διὰ
945 2862 1003 2937 τῆς
1025 2863 1178 2940 κορυφῆς

164 2958 330 3035 ἐπιπέδοις
353 2957 517 3025 τισὶνέπὶ
539 2961 762 3045 παραλλήλων
784 2959 914 3043 βᾶσεων
936 2963 1087 3045 ἰσοσκελῆ
1106 2966 1176 3047 τρί-

238 3193 261 3242 1,
281 3187 339 3260 λθ]
359 3204 411 3242 om.
426 3187 485 3256 Vc,
504 3187 582 3259 lffl'p
602 3191 631 3242 et
648 3207 684 3242 m.
699 3204 753 3244 rec.
768 3189 801 3243 V.
862 3195 886 3243 ⁶2.
906 3187 969 3261 ἐᾶν]
988 3204 1063 3258 vop,
1083 3189 1175 3258 suppl.

164 3278 200 3314 m.
221 3275 274 3314 rec.
294 3259 327 3314 V.
418 3257 461 3330 έν]
481 3275 534 3313 om.
553 3259 636 3328 ch,
665 3276 732 3314 corr.
752 3260 862 3329 Halley.
953 3266 976 3312 9.
1000 3261 1178 3332 προονεᾶων]

165 3344 327 3418 προσυεᾶων
344 3367 371 3418 p.
458 3354 500 3404 11.
520 3348 637 3421 ἄξονος]
656 3365 731 3418 vop,
755 3368 800 3412 -ος
818 3365 899 3402 euan.
918 3349 951 3403 V.
1027 3350 1123 3420 ΓΒΔ]
1147 3367 1176 3418 p,

166 3420 387 3490 BFAV‚BAc.
439 3424 533 3493 12493
560 3436 678 3474 eume.
730 3425 770 3474 13.
787 3429 842 3475 τῶν
869 3428 955 3489 τοῦρ.
1006 3425 1048 3474 20.
1064 3417 1176 3491 μείζων]

165 3491 509 3560 ycp‚csupp1.m.re0.
550 3534 555 3545 .
619 3491 807 3563 22.λε’]οιιι,
849 3508 872 3560 ο,
891 3491 1060 3562 zy'petm.
1076 3491 1176 3546 τιον.

202 3567 243 3616 28.
263 3561 306 3633 ἐν]
325 3580 352 3631 p,
372 3579 424 3616 om.
440 3561 485 3616 Vc
539 3619 543 3626 ,
