<?xml version="1.0" encoding="UTF-8"?>
<!DOCTYPE html PUBLIC "-//W3C//DTD XHTML 1.0 Transitional//EN"
    "http://www.w3.org/TR/xhtml1/DTD/xhtml1-transitional.dtd">
<html xmlns="http://www.w3.org/1999/xhtml" xml:lang="en" lang="en">
 <head>
  <title>
</title>
<meta http-equiv="Content-Type" content="text/html;charset=utf-8" />
  <meta name='ocr-system' content='tesseract 3.04.00' />
  <meta name='ocr-capabilities' content='ocr_page ocr_carea ocr_par ocr_line ocrx_word'/>
</head>
<body>
  <div class='ocr_page' id='page_1' title='image "./sereniantinoens02heibgoog_0078.png"; bbox 0 0 2574 3882; ppageno 0'>
   <div class='ocr_carea' id='block_1_1' title="bbox 158 227 901 298">
    <p class='ocr_par' dir='ltr' id='par_1_1' title="bbox 158 227 901 298">
     <span class='ocr_line' id='line_1_1' title="bbox 158 227 901 298; baseline -0.011 -13"><span class='ocrx_word' id='word_1_1' title='bbox 158 232 203 298; x_wconf 81' lang='lat'><em>54</em></span> <span class='ocrx_word' id='word_1_2' title='bbox 429 232 516 282; x_wconf 80' lang='grc' dir='ltr'>ΠΕΡΙ</span> <span class='ocrx_word' id='word_1_3' title='bbox 534 229 748 282; x_wconf 76' lang='grc' dir='ltr'>ΚΤΛΙΝΔΡΟΤ</span> <span class='ocrx_word' id='word_1_4' title='bbox 766 227 901 278; x_wconf 75' lang='grc' dir='ltr'><em>ΤΟΜΗΣ</em></span> 
     </span>
    </p>
   </div>
   <div class='ocr_carea' id='block_1_2' title="bbox 105 433 1173 2753">
    <p class='ocr_par' dir='ltr' id='par_1_2' title="bbox 638 433 698 490">
     <span class='ocr_line' id='line_1_2' title="bbox 638 433 698 490; baseline 0 -18"><span class='ocrx_word' id='word_1_5' title='bbox 638 433 698 490; x_wconf 92' lang='grc' dir='ltr'><em>ιη.</em></span> 
     </span>
    </p>

    <p class='ocr_par' dir='ltr' id='par_1_3' title="bbox 159 526 1173 836">
     <span class='ocr_line' id='line_1_3' title="bbox 224 526 1172 620; baseline -0.004 -22"><span class='ocrx_word' id='word_1_6' title='bbox 224 533 300 598; x_wconf 82' lang='grc' dir='ltr'><em>Ἐάν</em></span> <span class='ocrx_word' id='word_1_7' title='bbox 331 533 366 598; x_wconf 89' lang='grc' dir='ltr'><em>έν</em></span> <span class='ocrx_word' id='word_1_8' title='bbox 395 534 579 620; x_wconf 75' lang='grc' dir='ltr'><strong><em>κυλίνδρου</em></strong></span> <span class='ocrx_word' id='word_1_9' title='bbox 608 541 691 617; x_wconf 76' lang='grc' dir='ltr'><em>τομῇ</em></span> <span class='ocrx_word' id='word_1_10' title='bbox 722 535 872 613; x_wconf 81' lang='grc' dir='ltr'><em>συζυγείς</em></span> <span class='ocrx_word' id='word_1_11' title='bbox 901 529 1072 616; x_wconf 79' lang='grc' dir='ltr'><em>διάμετροι</em></span> <span class='ocrx_word' id='word_1_12' title='bbox 1102 526 1172 614; x_wconf 83' lang='grc' dir='ltr'><em>ὦσι,</em></span> 
     </span>
     <span class='ocr_line' id='line_1_4' title="bbox 159 637 1172 725; baseline -0.003 -21"><span class='ocrx_word' id='word_1_13' title='bbox 159 639 214 705; x_wconf 82' lang='grc' dir='ltr'><em>καὶ</em></span> <span class='ocrx_word' id='word_1_14' title='bbox 245 646 386 725; x_wconf 74' lang='grc' dir='ltr'><em>ποιηθῇ,</em></span> <span class='ocrx_word' id='word_1_15' title='bbox 419 640 463 716; x_wconf 84' lang='grc' dir='ltr'><em>ὡς</em></span> <span class='ocrx_word' id='word_1_16' title='bbox 490 639 511 723; x_wconf 76' lang='grc' dir='ltr'><em>ἡ</em></span> <span class='ocrx_word' id='word_1_17' title='bbox 540 638 677 724; x_wconf 90' lang='grc' dir='ltr'><em>δευτέρα</em></span> <span class='ocrx_word' id='word_1_18' title='bbox 705 638 879 723; x_wconf 91' lang='grc' dir='ltr'><em>διάμετρος</em></span> <span class='ocrx_word' id='word_1_19' title='bbox 905 638 988 723; x_wconf 89' lang='grc' dir='ltr'><em>πρὸς</em></span> <span class='ocrx_word' id='word_1_20' title='bbox 1015 639 1075 720; x_wconf 80' lang='grc' dir='ltr'><em>τὴν</em></span> <span class='ocrx_word' id='word_1_21' title='bbox 1104 637 1172 701; x_wconf 90' lang='grc' dir='ltr'><em>διά-</em></span> 
     </span>
     <span class='ocr_line' id='line_1_5' title="bbox 159 743 1173 836; baseline -0.004 -24"><span class='ocrx_word' id='word_1_22' title='bbox 159 770 294 833; x_wconf 91' lang='grc' dir='ltr'><em>μετρον,</em></span> <span class='ocrx_word' id='word_1_23' title='bbox 322 747 427 836; x_wconf 78' lang='grc' dir='ltr'><em>οὕτως</em></span> <span class='ocrx_word' id='word_1_24' title='bbox 454 746 474 828; x_wconf 78' lang='grc' dir='ltr'><em>η</em></span> <span class='ocrx_word' id='word_1_25' title='bbox 499 747 672 832; x_wconf 89' lang='grc' dir='ltr'><em>διάμετρος</em></span> <span class='ocrx_word' id='word_1_26' title='bbox 694 746 777 830; x_wconf 83' lang='grc' dir='ltr'><em>πρὸς</em></span> <span class='ocrx_word' id='word_1_27' title='bbox 799 746 903 826; x_wconf 87' lang='grc' dir='ltr'><em>άλλην</em></span> <span class='ocrx_word' id='word_1_28' title='bbox 926 743 1015 827; x_wconf 89' lang='grc' dir='ltr'><em>τινά,</em></span> <span class='ocrx_word' id='word_1_29' title='bbox 1039 745 1110 826; x_wconf 74' lang='grc' dir='ltr'><em>ἥτις</em></span> <span class='ocrx_word' id='word_1_30' title='bbox 1133 743 1173 808; x_wconf 82' lang='grc' dir='ltr'><em>δν</em></span> 
     </span>
    </p>

    <p class='ocr_par' dir='ltr' id='par_1_4' title="bbox 125 850 1172 1366">
     <span class='ocr_line' id='line_1_6' title="bbox 125 850 1172 938; baseline -0.003 -21"><span class='ocrx_word' id='word_1_31' title='bbox 125 868 141 916; x_wconf 83' lang='grc'>5</span> <span class='ocrx_word' id='word_1_32' title='bbox 161 853 224 918; x_wconf 83' lang='grc' dir='ltr'><em>ἀπὸ</em></span> <span class='ocrx_word' id='word_1_33' title='bbox 243 862 301 937; x_wconf 79' lang='grc' dir='ltr'><em>τῆς</em></span> <span class='ocrx_word' id='word_1_34' title='bbox 318 862 419 938; x_wconf 77' lang='grc' dir='ltr'><em>τομῆς</em></span> <span class='ocrx_word' id='word_1_35' title='bbox 437 851 490 917; x_wconf 83' lang='grc' dir='ltr'><em>ἐπὶ</em></span> <span class='ocrx_word' id='word_1_36' title='bbox 507 855 569 937; x_wconf 81' lang='grc' dir='ltr'><em>την</em></span> <span class='ocrx_word' id='word_1_37' title='bbox 587 850 746 937; x_wconf 88' lang='grc' dir='ltr'><em>δευτέραν</em></span> <span class='ocrx_word' id='word_1_38' title='bbox 758 851 943 936; x_wconf 88' lang='grc' dir='ltr'><em>διάμετρον</em></span> <span class='ocrx_word' id='word_1_39' title='bbox 959 850 1047 935; x_wconf 74' lang='grc' dir='ltr'><em>ἀχθῇ</em></span> <span class='ocrx_word' id='word_1_40' title='bbox 1063 874 1172 934; x_wconf 90' lang='grc' dir='ltr'><em>τεταγ-</em></span> 
     </span>
     <span class='ocr_line' id='line_1_7' title="bbox 160 957 1172 1088; baseline -0.004 -62"><span class='ocrx_word' id='word_1_41' title='bbox 160 959 276 1046; x_wconf 90' lang='grc' dir='ltr'><em>μένως,</em></span> <span class='ocrx_word' id='word_1_42' title='bbox 296 962 473 1043; x_wconf 83' lang='grc' dir='ltr'><em>δυνήσεται</em></span> <span class='ocrx_word' id='word_1_43' title='bbox 491 961 528 1024; x_wconf 89' lang='grc' dir='ltr'><em>τὸ</em></span> <span class='ocrx_word' id='word_1_44' title='bbox 547 960 637 1046; x_wconf 83' lang='grc' dir='ltr'><em>παρὰ</em></span> <span class='ocrx_word' id='word_1_45' title='bbox 655 961 716 1042; x_wconf 80' lang='grc' dir='ltr'><em>την</em></span> <span class='ocrx_word' id='word_1_46' title='bbox 734 961 849 1088; x_wconf 81' lang='grc' dir='ltr'><strong><em>τρίτην</em></strong></span> <span class='ocrx_word' id='word_1_47' title='bbox 868 957 1034 1039; x_wconf 83' lang='grc' dir='ltr'><em>ἀνάλογον</em></span> <span class='ocrx_word' id='word_1_48' title='bbox 1052 958 1172 1033; x_wconf 88' lang='grc' dir='ltr'><em>πλάτος</em></span> 
     </span>
     <span class='ocr_line' id='line_1_8' title="bbox 160 1063 1172 1152; baseline -0.005 -19"><span class='ocrx_word' id='word_1_49' title='bbox 160 1070 236 1152; x_wconf 80' lang='grc' dir='ltr'><em>ἔχον</em></span> <span class='ocrx_word' id='word_1_50' title='bbox 258 1067 357 1152; x_wconf 70' lang='grc' dir='ltr'><em>την“</em></span> <span class='ocrx_word' id='word_1_51' title='bbox 341 1065 398 1132; x_wconf 91' lang='grc' dir='ltr'><em>υπ’</em></span> <span class='ocrx_word' id='word_1_52' title='bbox 424 1067 525 1150; x_wconf 76' lang='grc' dir='ltr'><em>αὐτῆς</em></span> <span class='ocrx_word' id='word_1_53' title='bbox 547 1076 605 1151; x_wconf 77' lang='grc' dir='ltr'><em>τῆς</em></span> <span class='ocrx_word' id='word_1_54' title='bbox 627 1063 830 1150; x_wconf 89' lang='grc' dir='ltr'><em>τεταγμένως</em></span> <span class='ocrx_word' id='word_1_55' title='bbox 852 1063 1010 1148; x_wconf 77' lang='grc' dir='ltr'><em>ἀχθείσης</em></span> <span class='ocrx_word' id='word_1_56' title='bbox 1028 1063 1172 1149; x_wconf 88' lang='grc' dir='ltr'><em>άπολαμ-</em></span> 
     </span>
     <span class='ocr_line' id='line_1_9' title="bbox 159 1170 1172 1302; baseline -0.006 -62"><span class='ocrx_word' id='word_1_57' title='bbox 159 1173 346 1260; x_wconf 82' lang='grc' dir='ltr'><em>βανομένην</em></span> <span class='ocrx_word' id='word_1_58' title='bbox 368 1175 451 1260; x_wconf 89' lang='grc' dir='ltr'><em>πρὸς</em></span> <span class='ocrx_word' id='word_1_59' title='bbox 469 1184 508 1260; x_wconf 78' lang='grc' dir='ltr'><em>τῇ</em></span> <span class='ocrx_word' id='word_1_60' title='bbox 527 1183 609 1259; x_wconf 77' lang='grc' dir='ltr'><em>τομῇ</em></span> <span class='ocrx_word' id='word_1_61' title='bbox 629 1172 790 1237; x_wconf 79' lang='grc' dir='ltr'><em>ἐλλεῖπον</em></span> <span class='ocrx_word' id='word_1_62' title='bbox 782 1173 878 1236; x_wconf 87' lang='grc' dir='ltr'><em>είδει</em></span> <span class='ocrx_word' id='word_1_63' title='bbox 897 1170 999 1302; x_wconf 80' lang='grc' dir='ltr'><em>δμρίω</em></span> <span class='ocrx_word' id='word_1_64' title='bbox 1019 1180 1064 1259; x_wconf 75' lang='grc' dir='ltr'><em>τῷ</em></span> <span class='ocrx_word' id='word_1_65' title='bbox 1083 1193 1172 1257; x_wconf 88' lang='grc' dir='ltr'><em>περι-</em></span> 
     </span>
     <span class='ocr_line' id='line_1_10' title="bbox 159 1275 1172 1368; baseline -0.004 -23"><span class='ocrx_word' id='word_1_66' title='bbox 159 1280 347 1368; x_wconf 64' lang='grc' dir='ltr'><em>εχομένῳ“</em></span> <span class='ocrx_word' id='word_1_67' title='bbox 330 1282 395 1346; x_wconf 88' lang='grc' dir='ltr'><em>υπὸ</em></span> <span class='ocrx_word' id='word_1_68' title='bbox 423 1289 481 1364; x_wconf 77' lang='grc' dir='ltr'><em>τῆς</em></span> <span class='ocrx_word' id='word_1_69' title='bbox 509 1278 663 1365; x_wconf 77' lang='grc' dir='ltr'><strong><em>δευτέρας</em></strong></span> <span class='ocrx_word' id='word_1_70' title='bbox 693 1276 870 1364; x_wconf 80' lang='grc' dir='ltr'><em>διαμέτρου</em></span> <span class='ocrx_word' id='word_1_71' title='bbox 900 1275 954 1341; x_wconf 80' lang='grc' dir='ltr'><em>καὶ</em></span> <span class='ocrx_word' id='word_1_72' title='bbox 978 1285 1035 1362; x_wconf 80' lang='grc' dir='ltr'><em>τῆς</em></span> <span class='ocrx_word' id='word_1_73' title='bbox 1058 1293 1172 1364; x_wconf 85' lang='grc' dir='ltr'><em>πορισ-</em></span> 
     </span>
    </p>

    <p class='ocr_par' dir='ltr' id='par_1_5' title="bbox 107 1385 603 1472">
     <span class='ocr_line' id='line_1_11' title="bbox 107 1385 603 1472; baseline 0.004 -25"><span class='ocrx_word' id='word_1_74' title='bbox 107 1400 140 1448; x_wconf 84' lang='lat'><em>10</em></span> <span class='ocrx_word' id='word_1_75' title='bbox 157 1391 274 1470; x_wconf 84' lang='grc' dir='ltr'><em>θείσης</em></span> <span class='ocrx_word' id='word_1_76' title='bbox 296 1390 407 1472; x_wconf 84' lang='grc' dir='ltr'><strong><em>τρίτης</em></strong></span> <span class='ocrx_word' id='word_1_77' title='bbox 430 1385 603 1469; x_wconf 83' lang='grc' dir='ltr'><em>ἀνάλογον.</em></span> 
     </span>
    </p>

    <p class='ocr_par' dir='ltr' id='par_1_6' title="bbox 157 1490 1173 1897">
     <span class='ocr_line' id='line_1_12' title="bbox 225 1490 1173 1578; baseline -0.003 -21"><span class='ocrx_word' id='word_1_78' title='bbox 225 1495 307 1558; x_wconf 90' lang='grc' dir='ltr'><em>έστω</em></span> <span class='ocrx_word' id='word_1_79' title='bbox 330 1493 513 1578; x_wconf 75' lang='grc' dir='ltr'><strong><em>κυλίνδρου</em></strong></span> <span class='ocrx_word' id='word_1_80' title='bbox 536 1494 629 1576; x_wconf 83' lang='grc' dir='ltr'><em>τομή,</em></span> <span class='ocrx_word' id='word_1_81' title='bbox 652 1490 708 1556; x_wconf 82' lang='grc' dir='ltr'><em>καὶ</em></span> <span class='ocrx_word' id='word_1_82' title='bbox 726 1490 885 1575; x_wconf 78' lang='grc' dir='ltr'><em>γενέσθω,</em></span> <span class='ocrx_word' id='word_1_83' title='bbox 910 1490 992 1574; x_wconf 78' lang='grc' dir='ltr'><em>ὡςὴ</em></span> <span class='ocrx_word' id='word_1_84' title='bbox 1014 1494 1079 1554; x_wconf 86' lang='grc' dir='ltr'><em>ΓΔ</em></span> <span class='ocrx_word' id='word_1_85' title='bbox 1099 1492 1173 1555; x_wconf 93' lang='grc' dir='ltr'><em>δευ-</em></span> 
     </span>
     <span class='ocr_line' id='line_1_13' title="bbox 158 1597 1172 1685; baseline -0.001 -23"><span class='ocrx_word' id='word_1_86' title='bbox 158 1598 236 1684; x_wconf 83' lang='grc' dir='ltr'><strong><em>τέρα</em></strong></span> <span class='ocrx_word' id='word_1_87' title='bbox 259 1597 433 1685; x_wconf 86' lang='grc' dir='ltr'><em>διάμετρος</em></span> <span class='ocrx_word' id='word_1_88' title='bbox 455 1601 537 1685; x_wconf 86' lang='grc' dir='ltr'><em>πρὸς</em></span> <span class='ocrx_word' id='word_1_89' title='bbox 559 1601 620 1682; x_wconf 77' lang='grc' dir='ltr'><em>τὴν</em></span> <span class='ocrx_word' id='word_1_90' title='bbox 641 1603 706 1663; x_wconf 87' lang='grc' dir='ltr'><em>ΑΒ</em></span> <span class='ocrx_word' id='word_1_91' title='bbox 730 1597 917 1684; x_wconf 90' lang='grc' dir='ltr'><em>διάμετρον,</em></span> <span class='ocrx_word' id='word_1_92' title='bbox 941 1598 1048 1672; x_wconf 78' lang='grc' dir='ltr'><em>οὕτως</em></span> <span class='ocrx_word' id='word_1_93' title='bbox 1066 1597 1086 1680; x_wconf 77' lang='grc' dir='ltr'><strong><em>ἡ</em></strong></span> <span class='ocrx_word' id='word_1_94' title='bbox 1106 1602 1172 1661; x_wconf 86' lang='grc' dir='ltr'><em>ΑΒ</em></span> 
     </span>
     <span class='ocr_line' id='line_1_14' title="bbox 158 1703 1173 1791; baseline -0.002 -21"><span class='ocrx_word' id='word_1_95' title='bbox 158 1706 241 1790; x_wconf 86' lang='grc' dir='ltr'><em>πρὸς</em></span> <span class='ocrx_word' id='word_1_96' title='bbox 263 1707 324 1790; x_wconf 81' lang='grc' dir='ltr'><em>την</em></span> <span class='ocrx_word' id='word_1_97' title='bbox 348 1708 425 1790; x_wconf 98' lang='grc' dir='ltr'><em>ΓΗ,</em></span> <span class='ocrx_word' id='word_1_98' title='bbox 447 1704 503 1770; x_wconf 84' lang='grc' dir='ltr'><em>ααλ</em></span> <span class='ocrx_word' id='word_1_99' title='bbox 525 1709 648 1770; x_wconf 82' lang='grc' dir='ltr'><em>κείσθω</em></span> <span class='ocrx_word' id='word_1_100' title='bbox 672 1705 692 1788; x_wconf 83' lang='grc' dir='ltr'><em>ἡ</em></span> <span class='ocrx_word' id='word_1_101' title='bbox 715 1709 787 1770; x_wconf 90' lang='grc' dir='ltr'><em>ΓΗ</em></span> <span class='ocrx_word' id='word_1_102' title='bbox 806 1706 889 1791; x_wconf 89' lang='grc' dir='ltr'><em>πρὸς</em></span> <span class='ocrx_word' id='word_1_103' title='bbox 912 1703 1019 1790; x_wconf 84' lang='grc' dir='ltr'><em>ὀρθάς</em></span> <span class='ocrx_word' id='word_1_104' title='bbox 1037 1713 1076 1788; x_wconf 75' lang='grc' dir='ltr'><em>τῇ</em></span> <span class='ocrx_word' id='word_1_105' title='bbox 1097 1707 1173 1788; x_wconf 89' lang='grc' dir='ltr'><em>ΓΛ,</em></span> 
     </span>
     <span class='ocr_line' id='line_1_15' title="bbox 157 1809 1173 1897; baseline 0.002 -22"><span class='ocrx_word' id='word_1_106' title='bbox 157 1809 213 1876; x_wconf 83' lang='grc' dir='ltr'><em>καὶ</em></span> <span class='ocrx_word' id='word_1_107' title='bbox 233 1810 416 1896; x_wconf 79' lang='grc' dir='ltr'><em>ἐπεζεύχθω</em></span> <span class='ocrx_word' id='word_1_108' title='bbox 436 1813 456 1896; x_wconf 79' lang='grc' dir='ltr'><em>ἡ</em></span> <span class='ocrx_word' id='word_1_109' title='bbox 475 1817 556 1897; x_wconf 88' lang='grc' dir='ltr'><em>ΛΗ,</em></span> <span class='ocrx_word' id='word_1_110' title='bbox 575 1816 630 1877; x_wconf 86' lang='grc' dir='ltr'><em>ααλ</em></span> <span class='ocrx_word' id='word_1_111' title='bbox 650 1810 702 1876; x_wconf 79' lang='grc' dir='ltr'><em>ἐπὶ</em></span> <span class='ocrx_word' id='word_1_112' title='bbox 720 1814 782 1896; x_wconf 80' lang='grc' dir='ltr'><em>την</em></span> <span class='ocrx_word' id='word_1_113' title='bbox 802 1815 867 1876; x_wconf 84' lang='grc' dir='ltr'><em>ΓΛ</em></span> <span class='ocrx_word' id='word_1_114' title='bbox 886 1813 1041 1894; x_wconf 77' lang='grc' dir='ltr'><em>αατηχθω</em></span> <span class='ocrx_word' id='word_1_115' title='bbox 1060 1834 1173 1894; x_wconf 87' lang='grc' dir='ltr'><em>τεταγ-</em></span> 
     </span>
    </p>

    <p class='ocr_par' dir='ltr' id='par_1_7' title="bbox 106 1915 1173 2220">
     <span class='ocr_line' id='line_1_16' title="bbox 106 1915 1173 2006; baseline 0.003 -27"><span class='ocrx_word' id='word_1_116' title='bbox 106 1931 139 1979; x_wconf 84' lang='grc'><em>15</em></span> <span class='ocrx_word' id='word_1_117' title='bbox 158 1917 262 2002; x_wconf 89' lang='grc' dir='ltr'><em>μένως</em></span> <span class='ocrx_word' id='word_1_118' title='bbox 285 1918 305 2001; x_wconf 77' lang='grc' dir='ltr'><strong><em>ἡ</em></strong></span> <span class='ocrx_word' id='word_1_119' title='bbox 329 1923 401 2002; x_wconf 88' lang='grc' dir='ltr'>ΕΖ,</span> <span class='ocrx_word' id='word_1_120' title='bbox 424 1917 479 1984; x_wconf 82' lang='grc' dir='ltr'><em>καὶ</em></span> <span class='ocrx_word' id='word_1_121' title='bbox 502 1921 590 2006; x_wconf 82' lang='grc' dir='ltr'><em>παρά</em></span> <span class='ocrx_word' id='word_1_122' title='bbox 613 1915 673 2003; x_wconf 75' lang='grc' dir='ltr'><em>μέν</em></span> <span class='ocrx_word' id='word_1_123' title='bbox 695 1920 756 2002; x_wconf 84' lang='grc' dir='ltr'><em>τὴν</em></span> <span class='ocrx_word' id='word_1_124' title='bbox 781 1921 853 1982; x_wconf 90' lang='grc' dir='ltr'><em>ΓΗ</em></span> <span class='ocrx_word' id='word_1_125' title='bbox 872 1918 892 2001; x_wconf 78' lang='grc' dir='ltr'><em>ἡ</em></span> <span class='ocrx_word' id='word_1_126' title='bbox 919 1922 999 2002; x_wconf 95' lang='grc' dir='ltr'>ΖΘ,</span> <span class='ocrx_word' id='word_1_127' title='bbox 1023 1919 1112 2004; x_wconf 80' lang='grc' dir='ltr'><em>παρὰ</em></span> <span class='ocrx_word' id='word_1_128' title='bbox 1136 1916 1173 1982; x_wconf 72' lang='grc' dir='ltr'><em>δέ</em></span> 
     </span>
     <span class='ocr_line' id='line_1_17' title="bbox 157 2023 1173 2112; baseline -0.001 -23"><span class='ocrx_word' id='word_1_129' title='bbox 157 2027 218 2108; x_wconf 79' lang='grc' dir='ltr'><em>τὴν</em></span> <span class='ocrx_word' id='word_1_130' title='bbox 243 2028 307 2090; x_wconf 87' lang='grc' dir='ltr'><em>ΓΛ</em></span> <span class='ocrx_word' id='word_1_131' title='bbox 332 2024 352 2108; x_wconf 79' lang='grc' dir='ltr'><em>η</em></span> <span class='ocrx_word' id='word_1_132' title='bbox 378 2029 451 2090; x_wconf 86' lang='grc' dir='ltr'><em>ΘΚ.</em></span> <span class='ocrx_word' id='word_1_133' title='bbox 495 2025 593 2112; x_wconf 90' lang='grc' dir='ltr'><em>λέγω,</em></span> <span class='ocrx_word' id='word_1_134' title='bbox 617 2026 727 2090; x_wconf 84' lang='grc' dir='ltr'><em>ὅτιτὸ</em></span> <span class='ocrx_word' id='word_1_135' title='bbox 751 2025 814 2090; x_wconf 89' lang='grc' dir='ltr'><em>άπὸ</em></span> <span class='ocrx_word' id='word_1_136' title='bbox 838 2033 895 2109; x_wconf 79' lang='grc' dir='ltr'><em>τῆς</em></span> <span class='ocrx_word' id='word_1_137' title='bbox 917 2029 981 2089; x_wconf 89' lang='grc' dir='ltr'><em>ΕΖ</em></span> <span class='ocrx_word' id='word_1_138' title='bbox 1006 2030 1079 2089; x_wconf 89' lang='grc' dir='ltr'><em>ίσον</em></span> <span class='ocrx_word' id='word_1_139' title='bbox 1103 2023 1173 2090; x_wconf 83' lang='grc' dir='ltr'><em>ἐστὶ</em></span> 
     </span>
     <span class='ocr_line' id='line_1_18' title="bbox 156 2132 652 2220; baseline 0.012 -25"><span class='ocrx_word' id='word_1_140' title='bbox 156 2141 202 2218; x_wconf 75' lang='grc' dir='ltr'><em>τῷ</em></span> <span class='ocrx_word' id='word_1_141' title='bbox 227 2135 290 2196; x_wconf 94' lang='grc' dir='ltr'><em>ΓΘ</em></span> <span class='ocrx_word' id='word_1_142' title='bbox 312 2132 652 2220; x_wconf 77' lang='grc' dir='ltr'><em>παραλληλογράμμῳ.</em></span> 
     </span>
    </p>

    <p class='ocr_par' dir='ltr' id='par_1_8' title="bbox 157 2236 1172 2433">
     <span class='ocr_line' id='line_1_19' title="bbox 224 2236 1172 2325; baseline 0.001 -23"><span class='ocrx_word' id='word_1_143' title='bbox 224 2236 293 2302; x_wconf 86' lang='grc' dir='ltr'><em>έπελ</em></span> <span class='ocrx_word' id='word_1_144' title='bbox 324 2238 402 2325; x_wconf 90' lang='grc' dir='ltr'><em>γάρ,</em></span> <span class='ocrx_word' id='word_1_145' title='bbox 435 2241 479 2316; x_wconf 82' lang='grc' dir='ltr'><em>ὡς</em></span> <span class='ocrx_word' id='word_1_146' title='bbox 510 2241 547 2305; x_wconf 88' lang='grc' dir='ltr'><em>τὸ</em></span> <span class='ocrx_word' id='word_1_147' title='bbox 575 2239 639 2304; x_wconf 88' lang='grc' dir='ltr'><em>άπὸ</em></span> <span class='ocrx_word' id='word_1_148' title='bbox 667 2249 724 2324; x_wconf 78' lang='grc' dir='ltr'><em>τῆς</em></span> <span class='ocrx_word' id='word_1_149' title='bbox 753 2243 819 2304; x_wconf 88' lang='grc' dir='ltr'><em>ΓΔ</em></span> <span class='ocrx_word' id='word_1_150' title='bbox 845 2240 928 2324; x_wconf 88' lang='grc' dir='ltr'><em>πρὸς</em></span> <span class='ocrx_word' id='word_1_151' title='bbox 957 2241 993 2304; x_wconf 92' lang='grc' dir='ltr'><em>τὸ</em></span> <span class='ocrx_word' id='word_1_152' title='bbox 1022 2239 1086 2304; x_wconf 88' lang='grc' dir='ltr'><em>άπὸ</em></span> <span class='ocrx_word' id='word_1_153' title='bbox 1115 2248 1172 2323; x_wconf 79' lang='grc' dir='ltr'><em>τῆς</em></span> 
     </span>
     <span class='ocr_line' id='line_1_20' title="bbox 157 2344 1172 2433; baseline 0.002 -25"><span class='ocrx_word' id='word_1_154' title='bbox 157 2349 234 2428; x_wconf 89' lang='grc' dir='ltr'><em>ΑΒ,</em></span> <span class='ocrx_word' id='word_1_155' title='bbox 254 2345 359 2423; x_wconf 82' lang='grc' dir='ltr'><em>οὕτως</em></span> <span class='ocrx_word' id='word_1_156' title='bbox 377 2347 397 2431; x_wconf 79' lang='grc' dir='ltr'><em>ἡ</em></span> <span class='ocrx_word' id='word_1_157' title='bbox 417 2350 482 2411; x_wconf 84' lang='grc' dir='ltr'><em>ΓΛ</em></span> <span class='ocrx_word' id='word_1_158' title='bbox 499 2347 582 2433; x_wconf 88' lang='grc' dir='ltr'><em>πρὸς</em></span> <span class='ocrx_word' id='word_1_159' title='bbox 599 2349 661 2430; x_wconf 78' lang='grc' dir='ltr'><em>την</em></span> <span class='ocrx_word' id='word_1_160' title='bbox 681 2349 757 2430; x_wconf 90' lang='grc' dir='ltr'><em>ΓΗ,</em></span> <span class='ocrx_word' id='word_1_161' title='bbox 776 2345 946 2411; x_wconf 82' lang='grc' dir='ltr'><em>τουτέστιν</em></span> <span class='ocrx_word' id='word_1_162' title='bbox 964 2344 984 2428; x_wconf 78' lang='grc' dir='ltr'><em>ἡ</em></span> <span class='ocrx_word' id='word_1_163' title='bbox 1004 2351 1037 2410; x_wconf 91' lang='grc' dir='ltr'><em>Δ</em></span> <span class='ocrx_word' id='word_1_164' title='bbox 1044 2351 1071 2410; x_wconf 98' lang='grc' dir='ltr'>Ζ</span> <span class='ocrx_word' id='word_1_165' title='bbox 1089 2347 1172 2431; x_wconf 88' lang='grc' dir='ltr'><em>πρὸς</em></span> 
     </span>
    </p>

    <p class='ocr_par' dir='ltr' id='par_1_9' title="bbox 105 2451 1173 2753">
     <span class='ocr_line' id='line_1_21' title="bbox 105 2451 1173 2538; baseline 0.004 -26"><span class='ocrx_word' id='word_1_166' title='bbox 105 2463 139 2512; x_wconf 87' lang='grc' dir='ltr'><em>2ο</em></span> <span class='ocrx_word' id='word_1_167' title='bbox 159 2456 236 2534; x_wconf 89' lang='grc' dir='ltr'>ΖΘ,</span> <span class='ocrx_word' id='word_1_168' title='bbox 265 2451 337 2517; x_wconf 78' lang='grc' dir='ltr'><em>ἀλλ’</em></span> <span class='ocrx_word' id='word_1_169' title='bbox 367 2454 411 2530; x_wconf 80' lang='grc' dir='ltr'><em>ὡς</em></span> <span class='ocrx_word' id='word_1_170' title='bbox 437 2451 498 2538; x_wconf 74' lang='grc' dir='ltr'><em>μὲν</em></span> <span class='ocrx_word' id='word_1_171' title='bbox 525 2455 561 2519; x_wconf 90' lang='grc' dir='ltr'><em>τὸ</em></span> <span class='ocrx_word' id='word_1_172' title='bbox 590 2453 653 2518; x_wconf 85' lang='grc' dir='ltr'><em>άπὸ</em></span> <span class='ocrx_word' id='word_1_173' title='bbox 682 2462 739 2537; x_wconf 80' lang='grc' dir='ltr'><em>τῆς</em></span> <span class='ocrx_word' id='word_1_174' title='bbox 768 2457 833 2518; x_wconf 89' lang='grc' dir='ltr'><em>ΓΔ</em></span> <span class='ocrx_word' id='word_1_175' title='bbox 859 2453 942 2538; x_wconf 86' lang='grc' dir='ltr'><em>πρὸς</em></span> <span class='ocrx_word' id='word_1_176' title='bbox 967 2453 1003 2517; x_wconf 89' lang='grc' dir='ltr'><em>τὸ</em></span> <span class='ocrx_word' id='word_1_177' title='bbox 1028 2451 1091 2517; x_wconf 85' lang='grc' dir='ltr'><em>άπὸ</em></span> <span class='ocrx_word' id='word_1_178' title='bbox 1115 2461 1173 2536; x_wconf 77' lang='grc' dir='ltr'><em>τῆς</em></span> 
     </span>
     <span class='ocr_line' id='line_1_22' title="bbox 158 2545 1173 2646; baseline 0.001 -24"><span class='ocrx_word' id='word_1_179' title='bbox 158 2562 238 2642; x_wconf 89' lang='grc' dir='ltr'><em>ΑΒ,</em></span> <span class='ocrx_word' id='word_1_180' title='bbox 267 2559 372 2637; x_wconf 78' lang='grc' dir='ltr'><em>οὕτως</em></span> <span class='ocrx_word' id='word_1_181' title='bbox 399 2561 436 2626; x_wconf 92' lang='grc' dir='ltr'><em>τὸ</em></span> <span class='ocrx_word' id='word_1_182' title='bbox 464 2561 529 2625; x_wconf 87' lang='grc' dir='ltr'><em>ὑπὸ</em></span> <span class='ocrx_word' id='word_1_183' title='bbox 557 2545 628 2624; x_wconf 85' lang='grc' dir='ltr'><em>τῶν</em></span> <span class='ocrx_word' id='word_1_184' title='bbox 651 2565 732 2642; x_wconf 87' lang='grc' dir='ltr'>ΛΖ,</span> <span class='ocrx_word' id='word_1_185' title='bbox 758 2563 824 2623; x_wconf 92' lang='grc' dir='ltr'><em>ΖΓ</em></span> <span class='ocrx_word' id='word_1_186' title='bbox 845 2560 928 2646; x_wconf 86' lang='grc' dir='ltr'><em>πρὸς</em></span> <span class='ocrx_word' id='word_1_187' title='bbox 955 2559 992 2623; x_wconf 90' lang='grc' dir='ltr'><em>τὸ</em></span> <span class='ocrx_word' id='word_1_188' title='bbox 1021 2558 1084 2624; x_wconf 87' lang='grc' dir='ltr'><em>άπὸ</em></span> <span class='ocrx_word' id='word_1_189' title='bbox 1115 2568 1173 2643; x_wconf 80' lang='grc' dir='ltr'><em>τῆς</em></span> 
     </span>
     <span class='ocr_line' id='line_1_23' title="bbox 157 2663 1172 2753; baseline -0.002 -21"><span class='ocrx_word' id='word_1_190' title='bbox 157 2671 234 2731; x_wconf 88' lang='grc' dir='ltr'><em>ΕΖ·</em></span> <span class='ocrx_word' id='word_1_191' title='bbox 258 2677 361 2732; x_wconf 86' lang='grc' dir='ltr'><em>ταῦτα</em></span> <span class='ocrx_word' id='word_1_192' title='bbox 383 2669 446 2753; x_wconf 82' lang='grc' dir='ltr'><em>γάρ</em></span> <span class='ocrx_word' id='word_1_193' title='bbox 471 2667 617 2752; x_wconf 83' lang='grc' dir='ltr'><em>ἐδείχθη·</em></span> <span class='ocrx_word' id='word_1_194' title='bbox 646 2667 690 2742; x_wconf 82' lang='grc' dir='ltr'><em>ὡς</em></span> <span class='ocrx_word' id='word_1_195' title='bbox 714 2663 750 2731; x_wconf 73' lang='grc' dir='ltr'><em>δὲ</em></span> <span class='ocrx_word' id='word_1_196' title='bbox 773 2665 792 2748; x_wconf 82' lang='grc' dir='ltr'><em>ἡ</em></span> <span class='ocrx_word' id='word_1_197' title='bbox 816 2671 883 2730; x_wconf 85' lang='grc' dir='ltr'>ΛΖ</span> <span class='ocrx_word' id='word_1_198' title='bbox 906 2666 989 2751; x_wconf 88' lang='grc' dir='ltr'><em>πρὸς</em></span> <span class='ocrx_word' id='word_1_199' title='bbox 1013 2670 1090 2749; x_wconf 94' lang='grc' dir='ltr'>ΖΘ,</span> <span class='ocrx_word' id='word_1_200' title='bbox 1115 2666 1172 2730; x_wconf 78' lang='grc' dir='ltr'><em>οὕ-</em></span> 
     </span>
    </p>
   </div>
   <div class='ocr_carea' id='block_1_3' title="bbox 157 2770 1274 2858">
    <p class='ocr_par' dir='ltr' id='par_1_10' title="bbox 157 2770 1274 2858">
     <span class='ocr_line' id='line_1_24' title="bbox 157 2770 1274 2858; baseline -0.001 -21"><span class='ocrx_word' id='word_1_201' title='bbox 157 2797 222 2850; x_wconf 91' lang='grc' dir='ltr'><em>τως</em></span> <span class='ocrx_word' id='word_1_202' title='bbox 244 2775 281 2838; x_wconf 89' lang='grc' dir='ltr'><em>τὸ</em></span> <span class='ocrx_word' id='word_1_203' title='bbox 304 2775 368 2839; x_wconf 84' lang='grc' dir='ltr'><em>ὑπὸ</em></span> <span class='ocrx_word' id='word_1_204' title='bbox 392 2779 473 2857; x_wconf 85' lang='grc' dir='ltr'>ΛΖ,</span> <span class='ocrx_word' id='word_1_205' title='bbox 495 2777 561 2838; x_wconf 95' lang='grc' dir='ltr'><em>ΖΓ</em></span> <span class='ocrx_word' id='word_1_206' title='bbox 578 2775 661 2858; x_wconf 87' lang='grc' dir='ltr'><em>πρὸς</em></span> <span class='ocrx_word' id='word_1_207' title='bbox 683 2775 721 2838; x_wconf 88' lang='grc' dir='ltr'><em>τὸ</em></span> <span class='ocrx_word' id='word_1_208' title='bbox 744 2773 809 2838; x_wconf 84' lang='grc' dir='ltr'><em>ὑπὸ</em></span> <span class='ocrx_word' id='word_1_209' title='bbox 832 2777 908 2856; x_wconf 92' lang='grc' dir='ltr'><em>ΘΖ,</em></span> <span class='ocrx_word' id='word_1_210' title='bbox 929 2775 999 2856; x_wconf 94' lang='grc' dir='ltr'><em>ΖΓ,</em></span> <span class='ocrx_word' id='word_1_211' title='bbox 1023 2770 1173 2837; x_wconf 87' lang='grc' dir='ltr'><em>τουτέστι</em></span> <span class='ocrx_word' id='word_1_212' title='bbox 1273 2785 1274 2808; x_wconf 66' lang='lat'>¹</span> 
     </span>
    </p>
   </div>
   <div class='ocr_carea' id='block_1_4' title="bbox 158 2879 1172 2966">
    <p class='ocr_par' dir='ltr' id='par_1_11' title="bbox 158 2879 1172 2966">
     <span class='ocr_line' id='line_1_25' title="bbox 158 2879 1172 2966; baseline 0 -22"><span class='ocrx_word' id='word_1_213' title='bbox 158 2881 195 2944; x_wconf 93' lang='grc' dir='ltr'><em>τὸ</em></span> <span class='ocrx_word' id='word_1_214' title='bbox 220 2883 283 2944; x_wconf 92' lang='grc' dir='ltr'><em>ΓΘ</em></span> <span class='ocrx_word' id='word_1_215' title='bbox 305 2881 526 2965; x_wconf 76' lang='grc' dir='ltr'><em>ὀρθογώνιον,</em></span> <span class='ocrx_word' id='word_1_216' title='bbox 550 2883 623 2944; x_wconf 88' lang='grc' dir='ltr'><em>ίσον</em></span> <span class='ocrx_word' id='word_1_217' title='bbox 646 2881 710 2966; x_wconf 86' lang='grc' dir='ltr'><em>άρα</em></span> <span class='ocrx_word' id='word_1_218' title='bbox 733 2882 770 2944; x_wconf 85' lang='grc' dir='ltr'><em>τὸ</em></span> <span class='ocrx_word' id='word_1_219' title='bbox 792 2879 855 2944; x_wconf 88' lang='grc' dir='ltr'><em>άπὸ</em></span> <span class='ocrx_word' id='word_1_220' title='bbox 875 2888 932 2963; x_wconf 80' lang='grc' dir='ltr'><em>τῆς</em></span> <span class='ocrx_word' id='word_1_221' title='bbox 950 2884 1013 2946; x_wconf 89' lang='grc' dir='ltr'><em>ΕΖ</em></span> <span class='ocrx_word' id='word_1_222' title='bbox 1032 2888 1077 2966; x_wconf 76' lang='grc' dir='ltr'><em>τῷ</em></span> <span class='ocrx_word' id='word_1_223' title='bbox 1098 2883 1172 2964; x_wconf 94' lang='grc' dir='ltr'><em>ΓΘ,</em></span> 
     </span>
    </p>
   </div>
   <div class='ocr_carea' id='block_1_5' title="bbox 157 3113 1172 3330">
    <p class='ocr_par' dir='ltr' id='par_1_12' title="bbox 157 3113 1171 3330">
     <span class='ocr_line' id='line_1_26' title="bbox 232 3113 1171 3206; baseline 0.002 -38"><span class='ocrx_word' id='word_1_224' title='bbox 232 3120 255 3168; x_wconf 94' lang='lat'><em>1.</em></span> <span class='ocrx_word' id='word_1_225' title='bbox 276 3134 303 3206; x_wconf 86' lang='grc' dir='ltr'><em>ιη</em></span> <span class='ocrx_word' id='word_1_226' title='bbox 309 3114 336 3204; x_wconf 84' lang='lat'>]</span> <span class='ocrx_word' id='word_1_227' title='bbox 348 3132 403 3183; x_wconf 89' lang='lat' dir='ltr'><em>mg</em></span> <span class='ocrx_word' id='word_1_228' title='bbox 419 3132 454 3168; x_wconf 91' lang='lat' dir='ltr'><em>m.</em></span> <span class='ocrx_word' id='word_1_229' title='bbox 469 3131 523 3169; x_wconf 83' lang='lat' dir='ltr'>rec.</span> <span class='ocrx_word' id='word_1_230' title='bbox 537 3116 571 3184; x_wconf 80' lang='lat' dir='ltr'><em>V,</em></span> <span class='ocrx_word' id='word_1_231' title='bbox 591 3117 620 3168; x_wconf 73' lang='lat' dir='ltr'><em>et</em></span> <span class='ocrx_word' id='word_1_232' title='bbox 639 3114 678 3168; x_wconf 82' lang='lat' dir='ltr'><em>sio</em></span> <span class='ocrx_word' id='word_1_233' title='bbox 698 3114 837 3184; x_wconf 81' lang='lat' dir='ltr'>deinceps</span> <span class='ocrx_word' id='word_1_234' title='bbox 895 3122 917 3170; x_wconf 82' lang='grc'><em>7.</em></span> <span class='ocrx_word' id='word_1_235' title='bbox 937 3113 986 3170; x_wconf 76' lang='grc' dir='ltr'><em>ὑπ’</em></span> <span class='ocrx_word' id='word_1_236' title='bbox 1004 3117 1073 3170; x_wconf 74' lang='grc' dir='ltr'><em>αυτ</em></span> <span class='ocrx_word' id='word_1_237' title='bbox 1058 3137 1091 3186; x_wconf 88' lang='grc' dir='ltr'><em>ης</em></span> <span class='ocrx_word' id='word_1_238' title='bbox 1109 3118 1171 3188; x_wconf 82' lang='grc' dir='ltr'><em>τῆς]</em></span> 
     </span>
     <span class='ocr_line' id='line_1_27' title="bbox 160 3183 1172 3276; baseline 0.002 -37"><span class='ocrx_word' id='word_1_239' title='bbox 160 3184 267 3276; x_wconf 82' lang='lat' dir='ltr'>scripsi,</span> <span class='ocrx_word' id='word_1_240' title='bbox 287 3186 326 3239; x_wconf 78' lang='grc' dir='ltr'><em>ὑπ</em></span> <span class='ocrx_word' id='word_1_241' title='bbox 328 3183 440 3254; x_wconf 73' lang='grc' dir='ltr'><em>ἀὐτῆς</em></span> <span class='ocrx_word' id='word_1_242' title='bbox 457 3185 511 3254; x_wconf 81' lang='lat' dir='ltr'><em>Vc,</em></span> <span class='ocrx_word' id='word_1_243' title='bbox 529 3186 584 3240; x_wconf 77' lang='grc' dir='ltr'><em>ὑπὸ</em></span> <span class='ocrx_word' id='word_1_244' title='bbox 601 3193 693 3266; x_wconf 74' lang='grc' dir='ltr'><em>τῆςμ.</em></span> <span class='ocrx_word' id='word_1_245' title='bbox 751 3193 792 3240; x_wconf 83' lang='lat'><em>12.</em></span> <span class='ocrx_word' id='word_1_246' title='bbox 811 3186 953 3258; x_wconf 74' lang='lat' dir='ltr'>AB(alt.)]</span> <span class='ocrx_word' id='word_1_247' title='bbox 973 3191 1032 3241; x_wconf 88' lang='lat' dir='ltr'><em>AH</em></span> <span class='ocrx_word' id='word_1_248' title='bbox 1047 3204 1069 3241; x_wconf 88' lang='grc' dir='ltr'><em>ο.</em></span> <span class='ocrx_word' id='word_1_249' title='bbox 1128 3193 1172 3244; x_wconf 78' lang='lat'><em>15</em></span> 
     </span>
     <span class='ocr_line' id='line_1_28' title="bbox 157 3255 1172 3330; baseline 0.001 -18"><span class='ocrx_word' id='word_1_250' title='bbox 157 3255 222 3330; x_wconf 84' lang='grc' dir='ltr'><em>μέν]</em></span> <span class='ocrx_word' id='word_1_251' title='bbox 242 3274 295 3311; x_wconf 90' lang='lat' dir='ltr'><em>om.</em></span> <span class='ocrx_word' id='word_1_252' title='bbox 314 3275 340 3326; x_wconf 94' lang='lat' dir='ltr'><em>p.</em></span> <span class='ocrx_word' id='word_1_253' title='bbox 431 3256 482 3326; x_wconf 84' lang='grc' dir='ltr'><em>την</em></span> <span class='ocrx_word' id='word_1_254' title='bbox 503 3258 575 3329; x_wconf 89' lang='grc' dir='ltr'><em>ΓΗ]</em></span> <span class='ocrx_word' id='word_1_255' title='bbox 593 3256 683 3326; x_wconf 83' lang='lat' dir='ltr'>bisp,</span> <span class='ocrx_word' id='word_1_256' title='bbox 703 3257 753 3311; x_wconf 78' lang='lat' dir='ltr'><em>sed</em></span> <span class='ocrx_word' id='word_1_257' title='bbox 771 3274 839 3312; x_wconf 78' lang='grc' dir='ltr'><em>οοιτ</em></span> <span class='ocrx_word' id='word_1_258' title='bbox 932 3263 972 3312; x_wconf 78' lang='grc'><em>17.</em></span> <span class='ocrx_word' id='word_1_259' title='bbox 996 3261 1172 3329; x_wconf 86' lang='grc' dir='ltr'><em>παραλληλο-</em></span> 
     </span>
    </p>
   </div>
   <div class='ocr_carea' id='block_1_6' title="bbox 157 3343 1173 3656">
    <p class='ocr_par' dir='ltr' id='par_1_13' title="bbox 157 3343 1173 3656">
     <span class='ocr_line' id='line_1_29' title="bbox 157 3343 1171 3454; baseline 0 -29"><span class='ocrx_word' id='word_1_260' title='bbox 157 3369 285 3444; x_wconf 82' lang='grc' dir='ltr'><em>γράμμῳ]</em></span> <span class='ocrx_word' id='word_1_261' title='bbox 304 3343 599 3442; x_wconf 84' lang='grc' dir='ltr'><em>παραλληλογράμμο,</em></span> <span class='ocrx_word' id='word_1_262' title='bbox 689 3379 730 3427; x_wconf 90' lang='grc'><em>18.</em></span> <span class='ocrx_word' id='word_1_263' title='bbox 752 3377 779 3426; x_wconf 96' lang='grc' dir='ltr'><em>Γ</em></span> <span class='ocrx_word' id='word_1_264' title='bbox 834 3376 957 3442; x_wconf 73' lang='grc' dir='ltr'>ΓΘΛΡ.</span> <span class='ocrx_word' id='word_1_265' title='bbox 1045 3377 1086 3428; x_wconf 88' lang='grc'><em>19.</em></span> <span class='ocrx_word' id='word_1_266' title='bbox 1109 3374 1171 3454; x_wconf 78' lang='grc' dir='ltr'><em>ΓΔ]</em></span> 
     </span>
     <span class='ocr_line' id='line_1_30' title="bbox 157 3441 1173 3576; baseline 0.002 -80"><span class='ocrx_word' id='word_1_267' title='bbox 157 3446 258 3510; x_wconf 81' lang='lat' dir='ltr'><em>APp</em></span> <span class='ocrx_word' id='word_1_268' title='bbox 313 3449 356 3496; x_wconf 88' lang='grc'><em>20,</em></span> <span class='ocrx_word' id='word_1_269' title='bbox 375 3441 492 3510; x_wconf 83' lang='grc' dir='ltr'><em>πρίς-</em></span> <span class='ocrx_word' id='word_1_270' title='bbox 508 3449 550 3498; x_wconf 91' lang='grc'><em>22</em></span> <span class='ocrx_word' id='word_1_271' title='bbox 568 3445 630 3516; x_wconf 88' lang='grc' dir='ltr'><em>ΖΘ]</em></span> <span class='ocrx_word' id='word_1_272' title='bbox 650 3462 712 3576; x_wconf 58' lang='grc' dir='ltr'><em>περ.</em></span> <span class='ocrx_word' id='word_1_273' title='bbox 720 3462 739 3512; x_wconf 91' lang='lat' dir='ltr'>p</span> <span class='ocrx_word' id='word_1_274' title='bbox 759 3445 822 3498; x_wconf 80' lang='lat' dir='ltr'><em>ad.</em></span> <span class='ocrx_word' id='word_1_275' title='bbox 837 3447 966 3513; x_wconf 80' lang='grc' dir='ltr'><em>κείμενον</em></span> <span class='ocrx_word' id='word_1_276' title='bbox 985 3442 1065 3514; x_wconf 82' lang='grc' dir='ltr'><em>(πρός</em></span> <span class='ocrx_word' id='word_1_277' title='bbox 1084 3443 1173 3498; x_wconf 76' lang='lat' dir='ltr'>etiam</span> 
     </span>
     <span class='ocr_line' id='line_1_31' title="bbox 157 3511 1172 3606; baseline 0.004 -40"><span class='ocrx_word' id='word_1_278' title='bbox 157 3512 299 3581; x_wconf 75' lang='lat' dir='ltr'><strong>intextu,</strong></span> <span class='ocrx_word' id='word_1_279' title='bbox 327 3513 434 3567; x_wconf 75' lang='lat' dir='ltr'><strong>item</strong></span> <span class='ocrx_word' id='word_1_280' title='bbox 419 3535 456 3575; x_wconf 87' lang='grc' dir='ltr'><em>ως</em></span> <span class='ocrx_word' id='word_1_281' title='bbox 480 3511 620 3583; x_wconf 71' lang='grc' dir='ltr'><em>δὲὴΛΖ</em></span> <span class='ocrx_word' id='word_1_282' title='bbox 641 3532 712 3582; x_wconf 86' lang='grc' dir='ltr'><em>πρς</em></span> <span class='ocrx_word' id='word_1_283' title='bbox 732 3517 803 3606; x_wconf 88' lang='grc' dir='ltr'>ΖΘ).</span> <span class='ocrx_word' id='word_1_284' title='bbox 876 3521 918 3570; x_wconf 88' lang='grc'><em>24.</em></span> <span class='ocrx_word' id='word_1_285' title='bbox 945 3515 1090 3586; x_wconf 75' lang='grc' dir='ltr'><em>ΓΘ(ρτ.)]</em></span> <span class='ocrx_word' id='word_1_286' title='bbox 1118 3518 1172 3570; x_wconf 86' lang='grc' dir='ltr'>ΖΘ</span> 
     </span>
     <span class='ocr_line' id='line_1_32' title="bbox 159 3583 791 3656; baseline 0.003 -19"><span class='ocrx_word' id='word_1_287' title='bbox 159 3583 242 3651; x_wconf 77' lang='lat' dir='ltr'><em>ch,</em></span> <span class='ocrx_word' id='word_1_288' title='bbox 263 3599 331 3638; x_wconf 78' lang='lat' dir='ltr'><strong>corr</strong></span> <span class='ocrx_word' id='word_1_289' title='bbox 352 3583 455 3640; x_wconf 80' lang='lat' dir='ltr'>Comm</span> <span class='ocrx_word' id='word_1_290' title='bbox 528 3585 633 3656; x_wconf 81' lang='grc' dir='ltr'><em>άρα]’</em></span> <span class='ocrx_word' id='word_1_291' title='bbox 616 3606 671 3653; x_wconf 88' lang='grc' dir='ltr'><em>αρα</em></span> <span class='ocrx_word' id='word_1_292' title='bbox 692 3583 791 3654; x_wconf 77' lang='grc' dir='ltr'><em>ἐσιίμ.</em></span> 
     </span>
    </p>
   </div>
   <div class='ocr_carea' id='block_1_7' title="bbox 0 0 1293 3882">
    <p class='ocr_par' dir='ltr' id='par_1_14' title="bbox 0 0 1293 3882">
     <span class='ocr_line' id='line_1_33' title="bbox 0 0 1293 3882; baseline 0 0"><span class='ocrx_word' id='word_1_293' title='bbox 0 0 1293 3882; x_wconf 95' lang='lat' dir='ltr'><em> </em></span> 
     </span>
    </p>
   </div>
  </div>
 </body>
</html>
