<?xml version="1.0" encoding="UTF-8"?>
<!DOCTYPE html PUBLIC "-//W3C//DTD XHTML 1.0 Transitional//EN"
    "http://www.w3.org/TR/xhtml1/DTD/xhtml1-transitional.dtd">
<html xmlns="http://www.w3.org/1999/xhtml" xml:lang="en" lang="en">
 <head>
  <title>
</title>
<meta http-equiv="Content-Type" content="text/html;charset=utf-8" />
  <meta name='ocr-system' content='tesseract 3.04.00' />
  <meta name='ocr-capabilities' content='ocr_page ocr_carea ocr_par ocr_line ocrx_word'/>
</head>
<body>
  <div class='ocr_page' id='page_1' title='image "./sereniantinoens02heibgoog_0182.png"; bbox 0 0 2594 3878; ppageno 0'>
   <div class='ocr_carea' id='block_1_1' title="bbox 166 202 863 266">
    <p class='ocr_par' dir='ltr' id='par_1_1' title="bbox 166 202 863 266">
     <span class='ocr_line' id='line_1_1' title="bbox 166 202 863 266; baseline -0.013 0"><span class='ocrx_word' id='word_1_1' title='bbox 166 202 228 266; x_wconf 86' lang='lat'><strong><em>158</em></strong></span> <span class='ocrx_word' id='word_1_2' title='bbox 478 205 565 255; x_wconf 75' lang='grc' dir='ltr'><strong>ΠΕΡΙ</strong></span> <span class='ocrx_word' id='word_1_3' title='bbox 582 204 710 256; x_wconf 67' lang='lat' dir='ltr'><strong><em>mor</em></strong></span> <span class='ocrx_word' id='word_1_4' title='bbox 727 205 863 258; x_wconf 77' lang='grc' dir='ltr'><strong><em>υοιιΗΣ.</em></strong></span> 
     </span>
    </p>
   </div>
   <div class='ocr_carea' id='block_1_2' title="bbox 102 342 1177 3415">
    <p class='ocr_par' dir='ltr' id='par_1_2' title="bbox 102 342 1177 3415">
     <span class='ocr_line' id='line_1_2' title="bbox 164 342 1173 431; baseline 0 -19"><span class='ocrx_word' id='word_1_5' title='bbox 164 345 232 412; x_wconf 82' lang='grc' dir='ltr'><strong><em>ἐπεὶ</em></strong></span> <span class='ocrx_word' id='word_1_6' title='bbox 255 342 317 412; x_wconf 83' lang='grc' dir='ltr'><strong><em>οὖν</em></strong></span> <span class='ocrx_word' id='word_1_7' title='bbox 339 347 376 412; x_wconf 88' lang='grc' dir='ltr'><strong><em>τὸ</em></strong></span> <span class='ocrx_word' id='word_1_8' title='bbox 395 343 455 431; x_wconf 71' lang='grc' dir='ltr'><strong><em>μὲν</em></strong></span> <span class='ocrx_word' id='word_1_9' title='bbox 473 346 536 412; x_wconf 86' lang='grc' dir='ltr'><strong><em>άπὸ</em></strong></span> <span class='ocrx_word' id='word_1_10' title='bbox 556 357 613 431; x_wconf 83' lang='grc' dir='ltr'><strong><em>τῆς</em></strong></span> <span class='ocrx_word' id='word_1_11' title='bbox 626 350 691 411; x_wconf 90' lang='lat' dir='ltr'><em>AB</em></span> <span class='ocrx_word' id='word_1_12' title='bbox 714 357 782 411; x_wconf 82' lang='grc' dir='ltr'><strong><em>τῶν</em></strong></span> <span class='ocrx_word' id='word_1_13' title='bbox 801 347 864 412; x_wconf 84' lang='grc' dir='ltr'><strong><em>άπὸ</em></strong></span> <span class='ocrx_word' id='word_1_14' title='bbox 883 353 958 431; x_wconf 90' lang='lat' dir='ltr'><strong><em>AA,</em></strong></span> <span class='ocrx_word' id='word_1_15' title='bbox 972 351 1038 412; x_wconf 88' lang='lat' dir='ltr'><em>AB</em></span> <span class='ocrx_word' id='word_1_16' title='bbox 1060 351 1173 431; x_wconf 77' lang='grc' dir='ltr'><strong><em>μεῖζόν</em></strong></span> 
     </span>
     <span class='ocr_line' id='line_1_3' title="bbox 163 451 1172 542; baseline 0.001 -24"><span class='ocrx_word' id='word_1_17' title='bbox 163 452 232 518; x_wconf 80' lang='grc' dir='ltr'><strong><em>ἐστι</em></strong></span> <span class='ocrx_word' id='word_1_18' title='bbox 245 463 291 542; x_wconf 76' lang='grc' dir='ltr'><strong><em>τῷ</em></strong></span> <span class='ocrx_word' id='word_1_19' title='bbox 307 451 359 530; x_wconf 76' lang='grc' dir='ltr'><strong><em>δὶς</em></strong></span> <span class='ocrx_word' id='word_1_20' title='bbox 372 453 437 518; x_wconf 85' lang='grc' dir='ltr'><strong><em>ὑπὸ</em></strong></span> <span class='ocrx_word' id='word_1_21' title='bbox 451 459 526 537; x_wconf 89' lang='lat' dir='ltr'><strong><em>AA,</em></strong></span> <span class='ocrx_word' id='word_1_22' title='bbox 540 459 573 518; x_wconf 97' lang='lat' dir='ltr'><em>A</em></span> <span class='ocrx_word' id='word_1_23' title='bbox 578 458 618 537; x_wconf 82' lang='lat' dir='ltr'><strong><em>E,</em></strong></span> <span class='ocrx_word' id='word_1_24' title='bbox 636 452 784 518; x_wconf 81' lang='grc' dir='ltr'><strong><em>τουτέστι</em></strong></span> <span class='ocrx_word' id='word_1_25' title='bbox 797 463 843 542; x_wconf 74' lang='grc' dir='ltr'><strong><em>τῷ</em></strong></span> <span class='ocrx_word' id='word_1_26' title='bbox 859 452 911 530; x_wconf 80' lang='grc' dir='ltr'><strong><em>δὶς</em></strong></span> <span class='ocrx_word' id='word_1_27' title='bbox 924 453 988 520; x_wconf 82' lang='grc' dir='ltr'><strong><em>ὑπὸ</em></strong></span> <span class='ocrx_word' id='word_1_28' title='bbox 1003 459 1078 536; x_wconf 89' lang='lat' dir='ltr'><strong><em>AA,</em></strong></span> <span class='ocrx_word' id='word_1_29' title='bbox 1093 461 1126 519; x_wconf 97' lang='lat' dir='ltr'><em>A</em></span> <span class='ocrx_word' id='word_1_30' title='bbox 1134 459 1172 538; x_wconf 88' lang='grc' dir='ltr'><strong><em>Ζ,</em></strong></span> 
     </span>
     <span class='ocr_line' id='line_1_4' title="bbox 163 556 1172 649; baseline 0.001 -25"><span class='ocrx_word' id='word_1_31' title='bbox 163 561 199 624; x_wconf 89' lang='grc' dir='ltr'><strong><em>τὸ</em></strong></span> <span class='ocrx_word' id='word_1_32' title='bbox 228 556 265 624; x_wconf 71' lang='grc' dir='ltr'><strong><em>δὲ</em></strong></span> <span class='ocrx_word' id='word_1_33' title='bbox 292 558 355 624; x_wconf 87' lang='grc' dir='ltr'><strong><em>άπὸ</em></strong></span> <span class='ocrx_word' id='word_1_34' title='bbox 383 562 453 624; x_wconf 87' lang='grc' dir='ltr'><strong><em>ΑΓ</em></strong></span> <span class='ocrx_word' id='word_1_35' title='bbox 480 570 547 624; x_wconf 86' lang='grc' dir='ltr'><strong><em>τῶν</em></strong></span> <span class='ocrx_word' id='word_1_36' title='bbox 574 559 637 624; x_wconf 89' lang='grc' dir='ltr'><strong><em>άπὸ</em></strong></span> <span class='ocrx_word' id='word_1_37' title='bbox 665 565 750 642; x_wconf 89' lang='lat' dir='ltr'><strong><em>AA,</em></strong></span> <span class='ocrx_word' id='word_1_38' title='bbox 772 562 844 624; x_wconf 88' lang='grc' dir='ltr'><strong><em>ΛΓ</em></strong></span> <span class='ocrx_word' id='word_1_39' title='bbox 867 563 1001 625; x_wconf 82' lang='grc' dir='ltr'><strong><em>ἔλαττόν</em></strong></span> <span class='ocrx_word' id='word_1_40' title='bbox 1029 559 1097 625; x_wconf 81' lang='grc' dir='ltr'><strong><em>ἐστι</em></strong></span> <span class='ocrx_word' id='word_1_41' title='bbox 1124 570 1172 649; x_wconf 78' lang='grc' dir='ltr'><strong><em>τῷ</em></strong></span> 
     </span>
     <span class='ocr_line' id='line_1_5' title="bbox 163 664 1177 754; baseline 0.003 -24"><span class='ocrx_word' id='word_1_42' title='bbox 163 666 252 754; x_wconf 73' lang='grc' dir='ltr'><strong><em>αὐτῷ</em></strong></span> <span class='ocrx_word' id='word_1_43' title='bbox 280 675 325 753; x_wconf 74' lang='grc' dir='ltr'><strong><em>τῷ</em></strong></span> <span class='ocrx_word' id='word_1_44' title='bbox 353 664 405 742; x_wconf 78' lang='grc' dir='ltr'><strong><em>δὶς</em></strong></span> <span class='ocrx_word' id='word_1_45' title='bbox 431 665 495 730; x_wconf 83' lang='grc' dir='ltr'><strong><em>ὑπὸ</em></strong></span> <span class='ocrx_word' id='word_1_46' title='bbox 524 671 607 748; x_wconf 91' lang='lat' dir='ltr'><strong><em>AA,</em></strong></span> <span class='ocrx_word' id='word_1_47' title='bbox 630 670 714 749; x_wconf 92' lang='lat' dir='ltr'><em>AZ,</em></span> <span class='ocrx_word' id='word_1_48' title='bbox 746 666 786 730; x_wconf 88' lang='grc' dir='ltr'><strong><em>τδι</em></strong></span> <span class='ocrx_word' id='word_1_49' title='bbox 815 667 880 752; x_wconf 89' lang='grc' dir='ltr'><strong><em>άρα</em></strong></span> <span class='ocrx_word' id='word_1_50' title='bbox 908 666 971 732; x_wconf 84' lang='grc' dir='ltr'><strong><em>ἀπὸ</em></strong></span> <span class='ocrx_word' id='word_1_51' title='bbox 1001 671 1080 750; x_wconf 88' lang='lat' dir='ltr'><strong><em>BA,</em></strong></span> <span class='ocrx_word' id='word_1_52' title='bbox 1105 671 1177 732; x_wconf 85' lang='grc' dir='ltr'><strong><em>ΑΓ</em></strong></span> 
     </span>
     <span class='ocr_line' id='line_1_6' title="bbox 129 769 1172 859; baseline 0.006 -27"><span class='ocrx_word' id='word_1_53' title='bbox 129 785 144 832; x_wconf 87' lang='lat'>5</span> <span class='ocrx_word' id='word_1_54' title='bbox 164 779 219 837; x_wconf 82' lang='grc' dir='ltr'><strong><em>ίσα</em></strong></span> <span class='ocrx_word' id='word_1_55' title='bbox 242 770 311 837; x_wconf 80' lang='grc' dir='ltr'><strong><em>ἐστὶ</em></strong></span> <span class='ocrx_word' id='word_1_56' title='bbox 333 783 403 848; x_wconf 78' lang='grc' dir='ltr'><strong><em>τοῖς</em></strong></span> <span class='ocrx_word' id='word_1_57' title='bbox 425 769 488 835; x_wconf 87' lang='grc' dir='ltr'><strong><em>άπὸ</em></strong></span> <span class='ocrx_word' id='word_1_58' title='bbox 512 775 588 854; x_wconf 90' lang='lat' dir='ltr'><em>BA,</em></span> <span class='ocrx_word' id='word_1_59' title='bbox 607 774 679 835; x_wconf 86' lang='grc' dir='ltr'><strong><em>ΛΓ</em></strong></span> <span class='ocrx_word' id='word_1_60' title='bbox 698 769 754 836; x_wconf 80' lang='grc' dir='ltr'><strong><em>καὶ</em></strong></span> <span class='ocrx_word' id='word_1_61' title='bbox 776 781 821 859; x_wconf 77' lang='grc' dir='ltr'><strong><em>τῷ</em></strong></span> <span class='ocrx_word' id='word_1_62' title='bbox 845 769 898 848; x_wconf 83' lang='grc' dir='ltr'><strong><em>δὶς</em></strong></span> <span class='ocrx_word' id='word_1_63' title='bbox 921 771 983 846; x_wconf 86' lang='grc' dir='ltr'><strong><em>άπὸ</em></strong></span> <span class='ocrx_word' id='word_1_64' title='bbox 1006 781 1065 856; x_wconf 77' lang='grc' dir='ltr'><strong><em>τῆς</em></strong></span> <span class='ocrx_word' id='word_1_65' title='bbox 1087 779 1172 838; x_wconf 89' lang='lat' dir='ltr'><em>AA·</em></span> 
     </span>
     <span class='ocr_line' id='line_1_7' title="bbox 163 876 465 966; baseline -0.007 -22"><span class='ocrx_word' id='word_1_66' title='bbox 163 880 241 966; x_wconf 85' lang='grc' dir='ltr'><strong><em>ὅπερ</em></strong></span> <span class='ocrx_word' id='word_1_67' title='bbox 265 880 332 944; x_wconf 78' lang='grc' dir='ltr'><strong><em>ἔδει</em></strong></span> <span class='ocrx_word' id='word_1_68' title='bbox 355 876 465 956; x_wconf 81' lang='grc' dir='ltr'><strong><em>δείξαι.</em></strong></span> 
     </span>
     <span class='ocr_line' id='line_1_8' title="bbox 637 999 692 1058; baseline 0 -19"><span class='ocrx_word' id='word_1_69' title='bbox 637 999 692 1058; x_wconf 89' lang='grc' dir='ltr'><strong><em>ιη.</em></strong></span> 
     </span>
     <span class='ocr_line' id='line_1_9' title="bbox 225 1089 1170 1178; baseline 0.001 -20"><span class='ocrx_word' id='word_1_70' title='bbox 225 1091 301 1158; x_wconf 84' lang='grc' dir='ltr'><strong><em>Ἐάν</em></strong></span> <span class='ocrx_word' id='word_1_71' title='bbox 319 1091 487 1177; x_wconf 79' lang='grc' dir='ltr'><strong><em>τεσσάρων</em></strong></span> <span class='ocrx_word' id='word_1_72' title='bbox 506 1091 648 1156; x_wconf 78' lang='grc' dir='ltr'><strong><em>εὐθειῶν</em></strong></span> <span class='ocrx_word' id='word_1_73' title='bbox 666 1089 686 1173; x_wconf 82' lang='grc' dir='ltr'><em>ἡ</em></span> <span class='ocrx_word' id='word_1_74' title='bbox 703 1091 816 1176; x_wconf 94' lang='grc' dir='ltr'><strong><em>πρώτη</em></strong></span> <span class='ocrx_word' id='word_1_75' title='bbox 833 1092 916 1177; x_wconf 87' lang='grc' dir='ltr'><strong><em>πρὸς</em></strong></span> <span class='ocrx_word' id='word_1_76' title='bbox 933 1092 994 1175; x_wconf 78' lang='grc' dir='ltr'><strong><em>τὴν</em></strong></span> <span class='ocrx_word' id='word_1_77' title='bbox 1008 1091 1170 1178; x_wconf 79' lang='grc' dir='ltr'><strong><em>δευτέραν</em></strong></span> 
     </span>
     <span class='ocr_line' id='line_1_10' title="bbox 160 1196 1170 1285; baseline 0.002 -21"><span class='ocrx_word' id='word_1_78' title='bbox 160 1203 292 1284; x_wconf 83' lang='grc' dir='ltr'><strong><em>μείζονα</em></strong></span> <span class='ocrx_word' id='word_1_79' title='bbox 320 1202 420 1282; x_wconf 79' lang='grc' dir='ltr'><strong><em>λόγον</em></strong></span> <span class='ocrx_word' id='word_1_80' title='bbox 448 1201 504 1283; x_wconf 77' lang='grc' dir='ltr'><strong><em>ἔχη</em></strong></span> <span class='ocrx_word' id='word_1_81' title='bbox 532 1199 613 1284; x_wconf 77' lang='grc' dir='ltr'><strong><em>ἥπερ</em></strong></span> <span class='ocrx_word' id='word_1_82' title='bbox 641 1196 661 1280; x_wconf 76' lang='grc' dir='ltr'>ἡ</span> <span class='ocrx_word' id='word_1_83' title='bbox 687 1201 780 1283; x_wconf 86' lang='grc' dir='ltr'><strong><em>τρίτη</em></strong></span> <span class='ocrx_word' id='word_1_84' title='bbox 807 1199 890 1283; x_wconf 87' lang='grc' dir='ltr'><strong><em>πρὸς</em></strong></span> <span class='ocrx_word' id='word_1_85' title='bbox 916 1200 977 1282; x_wconf 77' lang='grc' dir='ltr'><strong><em>τὴν</em></strong></span> <span class='ocrx_word' id='word_1_86' title='bbox 999 1199 1170 1285; x_wconf 80' lang='grc' dir='ltr'><strong><em>τετάρτην,</em></strong></span> 
     </span>
     <span class='ocr_line' id='line_1_11' title="bbox 108 1305 1171 1393; baseline 0.004 -26"><span class='ocrx_word' id='word_1_87' title='bbox 108 1319 140 1368; x_wconf 88' lang='grc'><strong><em>10</em></strong></span> <span class='ocrx_word' id='word_1_88' title='bbox 160 1305 215 1372; x_wconf 79' lang='grc' dir='ltr'><strong><em>καὶ</em></strong></span> <span class='ocrx_word' id='word_1_89' title='bbox 246 1309 283 1372; x_wconf 88' lang='grc' dir='ltr'><strong><em>τὸ</em></strong></span> <span class='ocrx_word' id='word_1_90' title='bbox 316 1305 379 1370; x_wconf 85' lang='grc' dir='ltr'><strong><em>ἀπὸ</em></strong></span> <span class='ocrx_word' id='word_1_91' title='bbox 411 1315 469 1389; x_wconf 79' lang='grc' dir='ltr'><strong><em>τῆς</em></strong></span> <span class='ocrx_word' id='word_1_92' title='bbox 494 1306 627 1391; x_wconf 78' lang='grc' dir='ltr'><strong><em>πρώτης</em></strong></span> <span class='ocrx_word' id='word_1_93' title='bbox 657 1306 740 1391; x_wconf 90' lang='grc' dir='ltr'><strong><em>πρὸς</em></strong></span> <span class='ocrx_word' id='word_1_94' title='bbox 772 1306 808 1369; x_wconf 91' lang='grc' dir='ltr'><strong><em>τὸ</em></strong></span> <span class='ocrx_word' id='word_1_95' title='bbox 838 1305 901 1370; x_wconf 88' lang='grc' dir='ltr'><strong><em>άπὸ</em></strong></span> <span class='ocrx_word' id='word_1_96' title='bbox 928 1314 986 1389; x_wconf 78' lang='grc' dir='ltr'><strong><em>τῆς</em></strong></span> <span class='ocrx_word' id='word_1_97' title='bbox 1012 1305 1171 1393; x_wconf 75' lang='grc' dir='ltr'><strong><em>δευτέρας</em></strong></span> 
     </span>
     <span class='ocr_line' id='line_1_12' title="bbox 159 1410 1171 1498; baseline 0.001 -20"><span class='ocrx_word' id='word_1_98' title='bbox 159 1417 290 1498; x_wconf 84' lang='grc' dir='ltr'><strong><em>μείζονα</em></strong></span> <span class='ocrx_word' id='word_1_99' title='bbox 318 1414 418 1494; x_wconf 80' lang='grc' dir='ltr'><strong><em>λόγον</em></strong></span> <span class='ocrx_word' id='word_1_100' title='bbox 444 1410 509 1489; x_wconf 77' lang='grc' dir='ltr'><strong><em>ἕξει</em></strong></span> <span class='ocrx_word' id='word_1_101' title='bbox 536 1413 618 1497; x_wconf 73' lang='grc' dir='ltr'><strong><em>ἥπερ</em></strong></span> <span class='ocrx_word' id='word_1_102' title='bbox 646 1413 683 1476; x_wconf 87' lang='grc' dir='ltr'><strong><em>τὸ</em></strong></span> <span class='ocrx_word' id='word_1_103' title='bbox 711 1410 774 1476; x_wconf 87' lang='grc' dir='ltr'><strong><em>άπὸ</em></strong></span> <span class='ocrx_word' id='word_1_104' title='bbox 802 1420 859 1495; x_wconf 78' lang='grc' dir='ltr'><strong><em>τῆς</em></strong></span> <span class='ocrx_word' id='word_1_105' title='bbox 882 1415 994 1497; x_wconf 80' lang='grc' dir='ltr'><strong><em>τρίτης</em></strong></span> <span class='ocrx_word' id='word_1_106' title='bbox 1019 1414 1102 1498; x_wconf 89' lang='grc' dir='ltr'><strong><em>πρὸς</em></strong></span> <span class='ocrx_word' id='word_1_107' title='bbox 1130 1415 1171 1480; x_wconf 89' lang='grc' dir='ltr'><strong><em>τὸ</em></strong></span> 
     </span>
     <span class='ocr_line' id='line_1_13' title="bbox 160 1516 1170 1605; baseline 0.002 -21"><span class='ocrx_word' id='word_1_108' title='bbox 160 1519 223 1584; x_wconf 85' lang='grc' dir='ltr'><strong><em>ἀπὸ</em></strong></span> <span class='ocrx_word' id='word_1_109' title='bbox 251 1528 308 1602; x_wconf 79' lang='grc' dir='ltr'><strong><em>τῆς</em></strong></span> <span class='ocrx_word' id='word_1_110' title='bbox 334 1519 496 1604; x_wconf 78' lang='grc' dir='ltr'><strong><em>τετάρτης.</em></strong></span> <span class='ocrx_word' id='word_1_111' title='bbox 543 1516 606 1582; x_wconf 85' lang='grc' dir='ltr'><strong><em>κάν</em></strong></span> <span class='ocrx_word' id='word_1_112' title='bbox 633 1519 670 1582; x_wconf 87' lang='grc' dir='ltr'><strong><em>τὸ</em></strong></span> <span class='ocrx_word' id='word_1_113' title='bbox 698 1517 761 1583; x_wconf 84' lang='grc' dir='ltr'><strong><em>άπὸ</em></strong></span> <span class='ocrx_word' id='word_1_114' title='bbox 788 1527 846 1602; x_wconf 77' lang='grc' dir='ltr'><strong><em>τῆς</em></strong></span> <span class='ocrx_word' id='word_1_115' title='bbox 868 1520 998 1604; x_wconf 79' lang='grc' dir='ltr'><strong><em>πρώτης</em></strong></span> <span class='ocrx_word' id='word_1_116' title='bbox 1023 1521 1107 1605; x_wconf 88' lang='grc' dir='ltr'><strong><em>πρὸς</em></strong></span> <span class='ocrx_word' id='word_1_117' title='bbox 1129 1522 1170 1586; x_wconf 89' lang='grc' dir='ltr'><strong><em>τὸ</em></strong></span> 
     </span>
     <span class='ocr_line' id='line_1_14' title="bbox 160 1622 1171 1711; baseline 0.002 -23"><span class='ocrx_word' id='word_1_118' title='bbox 160 1625 223 1689; x_wconf 86' lang='grc' dir='ltr'><strong><em>άπδ</em></strong></span> <span class='ocrx_word' id='word_1_119' title='bbox 246 1634 304 1708; x_wconf 78' lang='grc' dir='ltr'><strong><em>τῆς</em></strong></span> <span class='ocrx_word' id='word_1_120' title='bbox 326 1622 481 1710; x_wconf 87' lang='grc' dir='ltr'><strong><em>δευτέρας</em></strong></span> <span class='ocrx_word' id='word_1_121' title='bbox 504 1627 635 1708; x_wconf 79' lang='grc' dir='ltr'><strong><em>μείζονα</em></strong></span> <span class='ocrx_word' id='word_1_122' title='bbox 659 1626 760 1706; x_wconf 73' lang='grc' dir='ltr'><strong><em>λόγον</em></strong></span> <span class='ocrx_word' id='word_1_123' title='bbox 782 1627 839 1710; x_wconf 81' lang='grc' dir='ltr'><strong><em>ἔχη</em></strong></span> <span class='ocrx_word' id='word_1_124' title='bbox 862 1625 943 1711; x_wconf 78' lang='grc' dir='ltr'><strong><em>ἥπερ</em></strong></span> <span class='ocrx_word' id='word_1_125' title='bbox 967 1627 1004 1690; x_wconf 90' lang='grc' dir='ltr'><strong><em>τὸ</em></strong></span> <span class='ocrx_word' id='word_1_126' title='bbox 1028 1623 1090 1691; x_wconf 89' lang='grc' dir='ltr'><strong><em>άπὸ</em></strong></span> <span class='ocrx_word' id='word_1_127' title='bbox 1110 1635 1171 1710; x_wconf 78' lang='grc' dir='ltr'><strong><em>τῆς</em></strong></span> 
     </span>
     <span class='ocr_line' id='line_1_15' title="bbox 159 1730 1170 1818; baseline 0.002 -22"><span class='ocrx_word' id='word_1_128' title='bbox 159 1735 271 1818; x_wconf 81' lang='grc' dir='ltr'><strong><em>τρίτης</em></strong></span> <span class='ocrx_word' id='word_1_129' title='bbox 293 1732 375 1817; x_wconf 90' lang='grc' dir='ltr'><strong><em>πρὸς</em></strong></span> <span class='ocrx_word' id='word_1_130' title='bbox 397 1731 434 1795; x_wconf 91' lang='grc' dir='ltr'><strong><em>τὸ</em></strong></span> <span class='ocrx_word' id='word_1_131' title='bbox 458 1730 521 1796; x_wconf 89' lang='grc' dir='ltr'><strong><em>άπὸ</em></strong></span> <span class='ocrx_word' id='word_1_132' title='bbox 545 1740 602 1814; x_wconf 81' lang='grc' dir='ltr'><strong><em>τῆς</em></strong></span> <span class='ocrx_word' id='word_1_133' title='bbox 625 1731 793 1817; x_wconf 84' lang='grc' dir='ltr'><strong><em>τετάρτης,</em></strong></span> <span class='ocrx_word' id='word_1_134' title='bbox 820 1731 840 1814; x_wconf 81' lang='grc' dir='ltr'><em>ἡ</em></span> <span class='ocrx_word' id='word_1_135' title='bbox 863 1733 976 1818; x_wconf 90' lang='grc' dir='ltr'><strong><em>πρώτη</em></strong></span> <span class='ocrx_word' id='word_1_136' title='bbox 1001 1734 1083 1818; x_wconf 89' lang='grc' dir='ltr'><strong><em>πρὸς</em></strong></span> <span class='ocrx_word' id='word_1_137' title='bbox 1106 1735 1170 1817; x_wconf 83' lang='grc' dir='ltr'><strong><em>τὴν</em></strong></span> 
     </span>
     <span class='ocr_line' id='line_1_16' title="bbox 107 1837 1169 1925; baseline 0.007 -27"><span class='ocrx_word' id='word_1_138' title='bbox 107 1851 140 1898; x_wconf 86' lang='lat'><strong><em>15</em></strong></span> <span class='ocrx_word' id='word_1_139' title='bbox 160 1837 318 1924; x_wconf 75' lang='grc' dir='ltr'><strong><em>δευτέραν</em></strong></span> <span class='ocrx_word' id='word_1_140' title='bbox 344 1841 475 1922; x_wconf 79' lang='grc' dir='ltr'><strong><em>μείζονα</em></strong></span> <span class='ocrx_word' id='word_1_141' title='bbox 502 1841 603 1921; x_wconf 82' lang='grc' dir='ltr'><strong><em>λόγον</em></strong></span> <span class='ocrx_word' id='word_1_142' title='bbox 631 1841 695 1922; x_wconf 80' lang='grc' dir='ltr'><strong><em>ἔχει</em></strong></span> <span class='ocrx_word' id='word_1_143' title='bbox 722 1839 803 1924; x_wconf 71' lang='grc' dir='ltr'><strong><em>ἥπερ</em></strong></span> <span class='ocrx_word' id='word_1_144' title='bbox 831 1837 852 1920; x_wconf 80' lang='grc' dir='ltr'><em>ἡ</em></span> <span class='ocrx_word' id='word_1_145' title='bbox 875 1842 968 1925; x_wconf 93' lang='grc' dir='ltr'><strong><em>τρίτη</em></strong></span> <span class='ocrx_word' id='word_1_146' title='bbox 995 1841 1078 1925; x_wconf 86' lang='grc' dir='ltr'><strong><em>πρὸς</em></strong></span> <span class='ocrx_word' id='word_1_147' title='bbox 1106 1841 1169 1924; x_wconf 82' lang='grc' dir='ltr'><strong><em>τὴν</em></strong></span> 
     </span>
     <span class='ocr_line' id='line_1_17' title="bbox 158 1945 921 2036; baseline 0.001 -27"><span class='ocrx_word' id='word_1_148' title='bbox 158 1945 324 2031; x_wconf 86' lang='grc' dir='ltr'><strong><em>τετάρτην.</em></strong></span> <span class='ocrx_word' id='word_1_149' title='bbox 918 2031 921 2036; x_wconf 13' lang='grc' dir='ltr'><strong>Α</strong></span> 
     </span>
     <span class='ocr_line' id='line_1_18' title="bbox 225 2047 1170 2139; baseline 0.003 -24"><span class='ocrx_word' id='word_1_150' title='bbox 225 2055 371 2115; x_wconf 80' lang='grc' dir='ltr'><strong><em>ἔστωσαν</em></strong></span> <span class='ocrx_word' id='word_1_151' title='bbox 389 2050 518 2114; x_wconf 77' lang='grc' dir='ltr'><strong><em>εὐθεῖαι</em></strong></span> <span class='ocrx_word' id='word_1_152' title='bbox 537 2051 574 2115; x_wconf 90' lang='grc' dir='ltr'><strong><em>αί</em></strong></span> <span class='ocrx_word' id='word_1_153' title='bbox 589 2056 631 2134; x_wconf 90' lang='lat' dir='ltr'><em>A,</em></span> <span class='ocrx_word' id='word_1_154' title='bbox 646 2055 685 2134; x_wconf 92' lang='lat' dir='ltr'><strong><em>B,</em></strong></span> <span class='ocrx_word' id='word_1_155' title='bbox 705 2053 742 2134; x_wconf 81' lang='grc' dir='ltr'><strong><em>Γ,</em></strong></span> <span class='ocrx_word' id='word_1_156' title='bbox 760 2057 803 2133; x_wconf 95' lang='lat' dir='ltr'><em>A,</em></span> <span class='ocrx_word' id='word_1_157' title='bbox 828 2048 924 2134; x_wconf 79' lang='grc' dir='ltr'><strong><em>ἐχέτω</em></strong></span> <span class='ocrx_word' id='word_1_158' title='bbox 944 2047 981 2115; x_wconf 72' lang='grc' dir='ltr'><strong><em>δὲ</em></strong></span> <span class='ocrx_word' id='word_1_159' title='bbox 998 2051 1019 2134; x_wconf 77' lang='grc' dir='ltr'><em>ἡ</em></span> <span class='ocrx_word' id='word_1_160' title='bbox 1034 2058 1066 2116; x_wconf 93' lang='grc' dir='ltr'><em>Α</em></span> <span class='ocrx_word' id='word_1_161' title='bbox 1083 2055 1170 2139; x_wconf 88' lang='grc' dir='ltr'><strong><em>πρὸς</em></strong></span> 
     </span>
     <span class='ocr_line' id='line_1_19' title="bbox 157 2156 1168 2244; baseline 0.004 -23"><span class='ocrx_word' id='word_1_162' title='bbox 157 2159 218 2241; x_wconf 84' lang='grc' dir='ltr'><strong><em>την</em></strong></span> <span class='ocrx_word' id='word_1_163' title='bbox 242 2162 270 2221; x_wconf 94' lang='grc' dir='ltr'><strong>Β</strong></span> <span class='ocrx_word' id='word_1_164' title='bbox 297 2161 428 2240; x_wconf 82' lang='grc' dir='ltr'><strong><em>μείζονα</em></strong></span> <span class='ocrx_word' id='word_1_165' title='bbox 455 2159 555 2239; x_wconf 76' lang='grc' dir='ltr'><strong><em>λόγον</em></strong></span> <span class='ocrx_word' id='word_1_166' title='bbox 582 2157 664 2243; x_wconf 74' lang='grc' dir='ltr'><strong><em>ἥπερ</em></strong></span> <span class='ocrx_word' id='word_1_167' title='bbox 692 2156 712 2239; x_wconf 81' lang='grc' dir='ltr'><em>ἡ</em></span> <span class='ocrx_word' id='word_1_168' title='bbox 738 2161 769 2221; x_wconf 91' lang='grc' dir='ltr'><strong><em>Γ</em></strong></span> <span class='ocrx_word' id='word_1_169' title='bbox 790 2159 873 2244; x_wconf 87' lang='grc' dir='ltr'><strong><em>πρὸς</em></strong></span> <span class='ocrx_word' id='word_1_170' title='bbox 899 2159 960 2241; x_wconf 82' lang='grc' dir='ltr'><strong><em>τὴν</em></strong></span> <span class='ocrx_word' id='word_1_171' title='bbox 984 2164 1024 2222; x_wconf 95' lang='lat' dir='ltr'><em>A.</em></span> <span class='ocrx_word' id='word_1_172' title='bbox 1070 2159 1168 2244; x_wconf 82' lang='grc' dir='ltr'><strong><em>λέγω,</em></strong></span> 
     </span>
     <span class='ocr_line' id='line_1_20' title="bbox 158 2261 1168 2349; baseline 0.002 -21"><span class='ocrx_word' id='word_1_173' title='bbox 158 2264 208 2329; x_wconf 83' lang='grc' dir='ltr'><strong><em>ὅτι</em></strong></span> <span class='ocrx_word' id='word_1_174' title='bbox 239 2261 295 2328; x_wconf 81' lang='grc' dir='ltr'><strong><em>καὶ</em></strong></span> <span class='ocrx_word' id='word_1_175' title='bbox 326 2265 363 2328; x_wconf 91' lang='grc' dir='ltr'><strong><em>τὸ</em></strong></span> <span class='ocrx_word' id='word_1_176' title='bbox 392 2263 454 2328; x_wconf 88' lang='grc' dir='ltr'><strong><em>άπὸ</em></strong></span> <span class='ocrx_word' id='word_1_177' title='bbox 482 2272 540 2346; x_wconf 78' lang='grc' dir='ltr'><strong><em>της</em></strong></span> <span class='ocrx_word' id='word_1_178' title='bbox 562 2269 594 2327; x_wconf 90' lang='lat' dir='ltr'><em>A</em></span> <span class='ocrx_word' id='word_1_179' title='bbox 625 2265 708 2349; x_wconf 91' lang='grc' dir='ltr'><strong><em>πρὸς</em></strong></span> <span class='ocrx_word' id='word_1_180' title='bbox 735 2265 771 2328; x_wconf 89' lang='grc' dir='ltr'><strong><em>τὸ</em></strong></span> <span class='ocrx_word' id='word_1_181' title='bbox 800 2264 864 2329; x_wconf 87' lang='grc' dir='ltr'><strong><em>άπὸ</em></strong></span> <span class='ocrx_word' id='word_1_182' title='bbox 891 2273 949 2347; x_wconf 77' lang='grc' dir='ltr'><strong><em>τῆς</em></strong></span> <span class='ocrx_word' id='word_1_183' title='bbox 976 2268 1004 2328; x_wconf 89' lang='grc' dir='ltr'><strong><em>Β</em></strong></span> <span class='ocrx_word' id='word_1_184' title='bbox 1034 2268 1168 2347; x_wconf 81' lang='grc' dir='ltr'><strong><em>μείζονα</em></strong></span> 
     </span>
     <span class='ocr_line' id='line_1_21' title="bbox 105 2369 1125 2456; baseline 0.005 -25"><span class='ocrx_word' id='word_1_185' title='bbox 105 2384 138 2432; x_wconf 80' lang='lat'><strong><em>20</em></strong></span> <span class='ocrx_word' id='word_1_186' title='bbox 157 2373 258 2454; x_wconf 79' lang='grc' dir='ltr'><strong><em>λόγον</em></strong></span> <span class='ocrx_word' id='word_1_187' title='bbox 281 2373 346 2455; x_wconf 74' lang='grc' dir='ltr'><strong><em>ἔχει</em></strong></span> <span class='ocrx_word' id='word_1_188' title='bbox 368 2371 450 2456; x_wconf 72' lang='grc' dir='ltr'><strong><em>ἥπερ</em></strong></span> <span class='ocrx_word' id='word_1_189' title='bbox 473 2371 510 2435; x_wconf 91' lang='grc' dir='ltr'><strong><em>τὸ</em></strong></span> <span class='ocrx_word' id='word_1_190' title='bbox 535 2369 598 2436; x_wconf 87' lang='grc' dir='ltr'><strong><em>άπὸ</em></strong></span> <span class='ocrx_word' id='word_1_191' title='bbox 622 2379 680 2454; x_wconf 82' lang='grc' dir='ltr'><strong><em>της</em></strong></span> <span class='ocrx_word' id='word_1_192' title='bbox 704 2373 736 2435; x_wconf 89' lang='grc' dir='ltr'><strong><em>Γ</em></strong></span> <span class='ocrx_word' id='word_1_193' title='bbox 752 2372 834 2456; x_wconf 89' lang='grc' dir='ltr'><strong><em>πρὸς</em></strong></span> <span class='ocrx_word' id='word_1_194' title='bbox 856 2371 893 2435; x_wconf 90' lang='grc' dir='ltr'><strong><em>τὸ</em></strong></span> <span class='ocrx_word' id='word_1_195' title='bbox 917 2369 980 2434; x_wconf 87' lang='grc' dir='ltr'><strong><em>ἀπὸ</em></strong></span> <span class='ocrx_word' id='word_1_196' title='bbox 1003 2380 1061 2454; x_wconf 78' lang='grc' dir='ltr'><strong><em>της</em></strong></span> <span class='ocrx_word' id='word_1_197' title='bbox 1083 2379 1125 2436; x_wconf 94' lang='lat' dir='ltr'><em>A.</em></span> 
     </span>
     <span class='ocr_line' id='line_1_22' title="bbox 224 2476 1166 2563; baseline -0.001 -19"><span class='ocrx_word' id='word_1_198' title='bbox 224 2476 292 2544; x_wconf 81' lang='grc' dir='ltr'><strong><em>ἐπεὶ</em></strong></span> <span class='ocrx_word' id='word_1_199' title='bbox 315 2478 377 2563; x_wconf 74' lang='grc' dir='ltr'><strong><em>γάρ</em></strong></span> <span class='ocrx_word' id='word_1_200' title='bbox 401 2476 418 2542; x_wconf 99' lang='lat'><em>6</em></span> <span class='ocrx_word' id='word_1_201' title='bbox 442 2484 500 2560; x_wconf 82' lang='grc' dir='ltr'><strong><em>τῆς</em></strong></span> <span class='ocrx_word' id='word_1_202' title='bbox 522 2482 554 2541; x_wconf 88' lang='lat' dir='ltr'><em>A</em></span> <span class='ocrx_word' id='word_1_203' title='bbox 581 2477 664 2562; x_wconf 85' lang='grc' dir='ltr'><strong><em>πρὸς</em></strong></span> <span class='ocrx_word' id='word_1_204' title='bbox 689 2478 800 2561; x_wconf 78' lang='grc' dir='ltr'><strong><em>τηνΒ</em></strong></span> <span class='ocrx_word' id='word_1_205' title='bbox 831 2479 928 2559; x_wconf 82' lang='grc' dir='ltr'><strong><em>λόγος</em></strong></span> <span class='ocrx_word' id='word_1_206' title='bbox 954 2479 1072 2562; x_wconf 76' lang='grc' dir='ltr'><strong><em>μείζων</em></strong></span> <span class='ocrx_word' id='word_1_207' title='bbox 1095 2477 1166 2543; x_wconf 81' lang='grc' dir='ltr'><strong><em>ἐστὶ</em></strong></span> 
     </span>
     <span class='ocr_line' id='line_1_23' title="bbox 156 2581 1166 2670; baseline -0.002 -20"><span class='ocrx_word' id='word_1_208' title='bbox 156 2595 215 2650; x_wconf 84' lang='grc' dir='ltr'><strong><em>τοῦ</em></strong></span> <span class='ocrx_word' id='word_1_209' title='bbox 238 2595 296 2669; x_wconf 80' lang='grc' dir='ltr'><strong><em>της</em></strong></span> <span class='ocrx_word' id='word_1_210' title='bbox 316 2589 347 2649; x_wconf 92' lang='grc' dir='ltr'><strong><em>Γ</em></strong></span> <span class='ocrx_word' id='word_1_211' title='bbox 364 2585 446 2670; x_wconf 91' lang='grc' dir='ltr'><strong><em>πρὸς</em></strong></span> <span class='ocrx_word' id='word_1_212' title='bbox 467 2585 528 2668; x_wconf 81' lang='grc' dir='ltr'><strong><em>την</em></strong></span> <span class='ocrx_word' id='word_1_213' title='bbox 547 2590 590 2667; x_wconf 96' lang='lat' dir='ltr'><em>A,</em></span> <span class='ocrx_word' id='word_1_214' title='bbox 613 2581 667 2648; x_wconf 79' lang='grc' dir='ltr'><strong><em>καὶ</em></strong></span> <span class='ocrx_word' id='word_1_215' title='bbox 686 2582 704 2648; x_wconf 92' lang='lat'><em>6</em></span> <span class='ocrx_word' id='word_1_216' title='bbox 722 2592 782 2648; x_wconf 88' lang='grc' dir='ltr'><strong><em>τοῦ</em></strong></span> <span class='ocrx_word' id='word_1_217' title='bbox 801 2587 947 2668; x_wconf 83' lang='grc' dir='ltr'><strong><em>μείζονος</em></strong></span> <span class='ocrx_word' id='word_1_218' title='bbox 965 2585 1028 2669; x_wconf 86' lang='grc' dir='ltr'><strong><em>άρα</em></strong></span> <span class='ocrx_word' id='word_1_219' title='bbox 1047 2585 1166 2649; x_wconf 90' lang='grc' dir='ltr'><strong><em>διπλά-</em></strong></span> 
     </span>
     <span class='ocr_line' id='line_1_24' title="bbox 156 2689 1165 2776; baseline -0.001 -19"><span class='ocrx_word' id='word_1_220' title='bbox 156 2709 227 2768; x_wconf 88' lang='grc' dir='ltr'><strong><em>σιος</em></strong></span> <span class='ocrx_word' id='word_1_221' title='bbox 251 2695 369 2776; x_wconf 79' lang='grc' dir='ltr'><strong><em>μείζων</em></strong></span> <span class='ocrx_word' id='word_1_222' title='bbox 396 2689 465 2756; x_wconf 78' lang='grc' dir='ltr'><strong><em>ἐστὶ</em></strong></span> <span class='ocrx_word' id='word_1_223' title='bbox 493 2699 552 2756; x_wconf 85' lang='grc' dir='ltr'><strong><em>τοῦ</em></strong></span> <span class='ocrx_word' id='word_1_224' title='bbox 580 2699 640 2755; x_wconf 85' lang='grc' dir='ltr'><strong><em>τοῦ</em></strong></span> <span class='ocrx_word' id='word_1_225' title='bbox 664 2689 836 2765; x_wconf 84' lang='grc' dir='ltr'><strong><em>έλάττονος</em></strong></span> <span class='ocrx_word' id='word_1_226' title='bbox 863 2691 1048 2755; x_wconf 80' lang='grc' dir='ltr'><strong><em>διπλασίου.</em></strong></span> <span class='ocrx_word' id='word_1_227' title='bbox 1094 2694 1165 2756; x_wconf 81' lang='grc' dir='ltr'><strong><em>ἔστι</em></strong></span> 
     </span>
     <span class='ocr_line' id='line_1_25' title="bbox 156 2796 1167 2882; baseline -0.001 -19"><span class='ocrx_word' id='word_1_228' title='bbox 156 2797 192 2864; x_wconf 74' lang='grc' dir='ltr'><strong><em>δὲ</em></strong></span> <span class='ocrx_word' id='word_1_229' title='bbox 215 2807 275 2862; x_wconf 86' lang='grc' dir='ltr'><strong><em>τοῦ</em></strong></span> <span class='ocrx_word' id='word_1_230' title='bbox 298 2796 358 2881; x_wconf 74' lang='grc' dir='ltr'><strong><em>μὲν</em></strong></span> <span class='ocrx_word' id='word_1_231' title='bbox 381 2807 439 2880; x_wconf 80' lang='grc' dir='ltr'><strong><em>τῆς</em></strong></span> <span class='ocrx_word' id='word_1_232' title='bbox 461 2803 493 2861; x_wconf 91' lang='grc' dir='ltr'><em>Α</em></span> <span class='ocrx_word' id='word_1_233' title='bbox 519 2798 603 2882; x_wconf 86' lang='grc' dir='ltr'><strong><em>πρὸς</em></strong></span> <span class='ocrx_word' id='word_1_234' title='bbox 629 2798 690 2880; x_wconf 80' lang='grc' dir='ltr'><strong><em>τὴν</em></strong></span> <span class='ocrx_word' id='word_1_235' title='bbox 713 2801 741 2860; x_wconf 90' lang='grc' dir='ltr'><em>Β</em></span> <span class='ocrx_word' id='word_1_236' title='bbox 770 2799 871 2880; x_wconf 83' lang='grc' dir='ltr'><strong><em>λόγου</em></strong></span> <span class='ocrx_word' id='word_1_237' title='bbox 899 2801 1046 2882; x_wconf 79' lang='grc' dir='ltr'><strong><em>μείζονος</em></strong></span> <span class='ocrx_word' id='word_1_238' title='bbox 1068 2799 1167 2874; x_wconf 78' lang='grc' dir='ltr'><strong><em>ὄντος</em></strong></span> 
     </span>
     <span class='ocr_line' id='line_1_26' title="bbox 102 2902 1166 2989; baseline 0.005 -25"><span class='ocrx_word' id='word_1_239' title='bbox 102 2916 136 2964; x_wconf 80' lang='lat'><strong><em>25</em></strong></span> <span class='ocrx_word' id='word_1_240' title='bbox 156 2905 328 2980; x_wconf 79' lang='grc' dir='ltr'><strong><em>διπλάσιος</em></strong></span> <span class='ocrx_word' id='word_1_241' title='bbox 351 2903 368 2968; x_wconf 93' lang='lat'><em>6</em></span> <span class='ocrx_word' id='word_1_242' title='bbox 391 2912 451 2967; x_wconf 83' lang='grc' dir='ltr'><strong><em>τοῦ</em></strong></span> <span class='ocrx_word' id='word_1_243' title='bbox 475 2902 538 2967; x_wconf 88' lang='grc' dir='ltr'><strong><em>άπὸ</em></strong></span> <span class='ocrx_word' id='word_1_244' title='bbox 562 2911 619 2986; x_wconf 79' lang='grc' dir='ltr'><strong><em>τῆς</em></strong></span> <span class='ocrx_word' id='word_1_245' title='bbox 637 2908 669 2966; x_wconf 90' lang='lat' dir='ltr'><em>A</em></span> <span class='ocrx_word' id='word_1_246' title='bbox 691 2903 773 2989; x_wconf 88' lang='grc' dir='ltr'><strong><em>πρὸς</em></strong></span> <span class='ocrx_word' id='word_1_247' title='bbox 791 2903 828 2967; x_wconf 91' lang='grc' dir='ltr'><strong><em>τὸ</em></strong></span> <span class='ocrx_word' id='word_1_248' title='bbox 848 2903 910 2968; x_wconf 89' lang='grc' dir='ltr'><strong><em>άπὸ</em></strong></span> <span class='ocrx_word' id='word_1_249' title='bbox 929 2913 986 2987; x_wconf 79' lang='grc' dir='ltr'><strong><em>τῆς</em></strong></span> <span class='ocrx_word' id='word_1_250' title='bbox 1004 2907 1032 2967; x_wconf 90' lang='grc' dir='ltr'><strong><em>Β</em></strong></span> <span class='ocrx_word' id='word_1_251' title='bbox 1056 2906 1166 2988; x_wconf 80' lang='grc' dir='ltr'><strong><em>λόγος,</em></strong></span> 
     </span>
     <span class='ocr_line' id='line_1_27' title="bbox 154 3006 1166 3094; baseline -0.001 -17"><span class='ocrx_word' id='word_1_252' title='bbox 154 3019 213 3077; x_wconf 82' lang='grc' dir='ltr'><strong><em>τοῦ</em></strong></span> <span class='ocrx_word' id='word_1_253' title='bbox 246 3006 283 3074; x_wconf 74' lang='grc' dir='ltr'><strong><em>δὲ</em></strong></span> <span class='ocrx_word' id='word_1_254' title='bbox 314 3017 372 3092; x_wconf 78' lang='grc' dir='ltr'><strong><em>τῆς</em></strong></span> <span class='ocrx_word' id='word_1_255' title='bbox 404 3011 436 3072; x_wconf 91' lang='grc' dir='ltr'><em>Γ</em></span> <span class='ocrx_word' id='word_1_256' title='bbox 462 3009 545 3094; x_wconf 87' lang='grc' dir='ltr'><strong><em>πρὸς</em></strong></span> <span class='ocrx_word' id='word_1_257' title='bbox 577 3010 638 3092; x_wconf 79' lang='grc' dir='ltr'><strong><em>την</em></strong></span> <span class='ocrx_word' id='word_1_258' title='bbox 665 3015 698 3073; x_wconf 97' lang='lat' dir='ltr'><em>A</em></span> <span class='ocrx_word' id='word_1_259' title='bbox 730 3011 831 3092; x_wconf 82' lang='grc' dir='ltr'><strong><em>λόγου</em></strong></span> <span class='ocrx_word' id='word_1_260' title='bbox 863 3009 1035 3087; x_wconf 78' lang='grc' dir='ltr'><strong><em>ἐλάττονος</em></strong></span> <span class='ocrx_word' id='word_1_261' title='bbox 1067 3013 1166 3088; x_wconf 75' lang='grc' dir='ltr'><strong><em>ὄντος</em></strong></span> 
     </span>
     <span class='ocr_line' id='line_1_28' title="bbox 156 3114 1165 3201; baseline 0.001 -19"><span class='ocrx_word' id='word_1_262' title='bbox 156 3116 327 3192; x_wconf 85' lang='grc' dir='ltr'><strong><em>διπλάσιος</em></strong></span> <span class='ocrx_word' id='word_1_263' title='bbox 350 3115 367 3180; x_wconf 97' lang='lat'><em>6</em></span> <span class='ocrx_word' id='word_1_264' title='bbox 390 3124 450 3179; x_wconf 89' lang='grc' dir='ltr'><strong><em>τοῦ</em></strong></span> <span class='ocrx_word' id='word_1_265' title='bbox 474 3114 538 3180; x_wconf 88' lang='grc' dir='ltr'><strong><em>άπὸ</em></strong></span> <span class='ocrx_word' id='word_1_266' title='bbox 561 3125 619 3199; x_wconf 80' lang='grc' dir='ltr'><strong><em>τῆς</em></strong></span> <span class='ocrx_word' id='word_1_267' title='bbox 643 3118 675 3179; x_wconf 93' lang='grc' dir='ltr'><strong>Γ</strong></span> <span class='ocrx_word' id='word_1_268' title='bbox 696 3117 778 3201; x_wconf 84' lang='grc' dir='ltr'><strong><em>πρὸς</em></strong></span> <span class='ocrx_word' id='word_1_269' title='bbox 805 3117 842 3181; x_wconf 90' lang='grc' dir='ltr'><strong><em>τὸ</em></strong></span> <span class='ocrx_word' id='word_1_270' title='bbox 865 3116 928 3182; x_wconf 89' lang='grc' dir='ltr'><strong><em>άπὸ</em></strong></span> <span class='ocrx_word' id='word_1_271' title='bbox 952 3126 1009 3200; x_wconf 77' lang='grc' dir='ltr'><strong><em>τῆς</em></strong></span> <span class='ocrx_word' id='word_1_272' title='bbox 1030 3123 1075 3180; x_wconf 88' lang='lat' dir='ltr'><strong><em>A·</em></strong></span> <span class='ocrx_word' id='word_1_273' title='bbox 1108 3116 1165 3183; x_wconf 83' lang='grc' dir='ltr'><strong><em>καὶ</em></strong></span> 
     </span>
     <span class='ocr_line' id='line_1_29' title="bbox 155 3221 1164 3308; baseline -0.001 -18"><span class='ocrx_word' id='word_1_274' title='bbox 155 3223 173 3290; x_wconf 92' lang='lat'><em>6</em></span> <span class='ocrx_word' id='word_1_275' title='bbox 192 3231 252 3288; x_wconf 84' lang='grc' dir='ltr'><strong><em>τοῦ</em></strong></span> <span class='ocrx_word' id='word_1_276' title='bbox 271 3221 334 3286; x_wconf 86' lang='grc' dir='ltr'><strong><em>άπὸ</em></strong></span> <span class='ocrx_word' id='word_1_277' title='bbox 353 3229 410 3304; x_wconf 79' lang='grc' dir='ltr'><strong><em>τῆς</em></strong></span> <span class='ocrx_word' id='word_1_278' title='bbox 428 3226 460 3284; x_wconf 93' lang='grc' dir='ltr'><em>Α</em></span> <span class='ocrx_word' id='word_1_279' title='bbox 483 3222 547 3307; x_wconf 86' lang='grc' dir='ltr'><strong><em>άρα</em></strong></span> <span class='ocrx_word' id='word_1_280' title='bbox 564 3222 648 3306; x_wconf 88' lang='grc' dir='ltr'><strong><em>πρὸς</em></strong></span> <span class='ocrx_word' id='word_1_281' title='bbox 665 3222 702 3287; x_wconf 92' lang='grc' dir='ltr'><strong><em>τὸ</em></strong></span> <span class='ocrx_word' id='word_1_282' title='bbox 721 3221 784 3287; x_wconf 87' lang='grc' dir='ltr'><strong><em>άπὸ</em></strong></span> <span class='ocrx_word' id='word_1_283' title='bbox 802 3231 860 3305; x_wconf 76' lang='grc' dir='ltr'><strong><em>τῆς</em></strong></span> <span class='ocrx_word' id='word_1_284' title='bbox 879 3227 907 3287; x_wconf 92' lang='grc' dir='ltr'>Β</span> <span class='ocrx_word' id='word_1_285' title='bbox 931 3225 1028 3305; x_wconf 79' lang='grc' dir='ltr'><strong><em>λόγος</em></strong></span> <span class='ocrx_word' id='word_1_286' title='bbox 1045 3227 1164 3308; x_wconf 79' lang='grc' dir='ltr'><strong><em>μείζων</em></strong></span> 
     </span>
     <span class='ocr_line' id='line_1_30' title="bbox 156 3317 1003 3415; baseline -0.004 -19"><span class='ocrx_word' id='word_1_287' title='bbox 156 3328 224 3396; x_wconf 81' lang='grc' dir='ltr'><strong><em>ἐστὶ</em></strong></span> <span class='ocrx_word' id='word_1_288' title='bbox 247 3337 307 3393; x_wconf 88' lang='grc' dir='ltr'><strong><em>τοῦ</em></strong></span> <span class='ocrx_word' id='word_1_289' title='bbox 330 3336 390 3392; x_wconf 86' lang='grc' dir='ltr'><strong><em>τοῦ</em></strong></span> <span class='ocrx_word' id='word_1_290' title='bbox 414 3326 477 3392; x_wconf 87' lang='grc' dir='ltr'><strong><em>άπὸ</em></strong></span> <span class='ocrx_word' id='word_1_291' title='bbox 500 3337 558 3411; x_wconf 80' lang='grc' dir='ltr'><strong><em>τῆς</em></strong></span> <span class='ocrx_word' id='word_1_292' title='bbox 574 3317 614 3392; x_wconf 68' lang='grc' dir='ltr'><em>Τ</em></span> <span class='ocrx_word' id='word_1_293' title='bbox 631 3329 714 3415; x_wconf 88' lang='grc' dir='ltr'><strong><em>πρὸς</em></strong></span> <span class='ocrx_word' id='word_1_294' title='bbox 736 3330 772 3394; x_wconf 91' lang='grc' dir='ltr'><strong><em>τὸ</em></strong></span> <span class='ocrx_word' id='word_1_295' title='bbox 796 3328 859 3394; x_wconf 86' lang='grc' dir='ltr'><strong><em>ἀπὸ</em></strong></span> <span class='ocrx_word' id='word_1_296' title='bbox 882 3338 940 3413; x_wconf 78' lang='grc' dir='ltr'><strong><em>τῆς</em></strong></span> <span class='ocrx_word' id='word_1_297' title='bbox 961 3335 1003 3393; x_wconf 94' lang='lat' dir='ltr'><em>A.</em></span> 
     </span>
    </p>
   </div>
   <div class='ocr_carea' id='block_1_3' title="bbox 155 3483 1288 3630">
    <p class='ocr_par' dir='ltr' id='par_1_3' title="bbox 155 3483 1288 3630">
     <span class='ocr_line' id='line_1_31' title="bbox 226 3483 1288 3556; baseline 0.001 -18"><span class='ocrx_word' id='word_1_298' title='bbox 226 3486 335 3555; x_wconf 85' lang='grc' dir='ltr'><strong><em>1.ΑΒ]</em></strong></span> <span class='ocrx_word' id='word_1_299' title='bbox 356 3489 404 3537; x_wconf 87' lang='grc' dir='ltr'><strong><em>ΒΑ</em></strong></span> <span class='ocrx_word' id='word_1_300' title='bbox 422 3502 448 3552; x_wconf 89' lang='lat' dir='ltr'><strong><em>p.</em></strong></span> <span class='ocrx_word' id='word_1_301' title='bbox 535 3483 879 3556; x_wconf 74' lang='grc' dir='ltr'><strong><em>ἀπό(ο1λ.)]άπδτῶνρ.</em></strong></span> <span class='ocrx_word' id='word_1_302' title='bbox 965 3491 989 3539; x_wconf 86' lang='grc'><strong><em>3.</em></strong></span> <span class='ocrx_word' id='word_1_303' title='bbox 1009 3491 1148 3554; x_wconf 87' lang='grc' dir='ltr'><em>ΑΔ,ΔΓ</em></span> <span class='ocrx_word' id='word_1_304' title='bbox 1287 3485 1288 3490; x_wconf 71' lang='grc'>’</span> 
     </span>
     <span class='ocr_line' id='line_1_32' title="bbox 155 3489 1287 3630; baseline 0.002 -21"><span class='ocrx_word' id='word_1_305' title='bbox 155 3555 274 3623; x_wconf 77' lang='lat' dir='ltr'>Comm.;</span> <span class='ocrx_word' id='word_1_306' title='bbox 302 3560 363 3623; x_wconf 80' lang='grc' dir='ltr'><strong><em>ΑΛ,</em></strong></span> <span class='ocrx_word' id='word_1_307' title='bbox 381 3555 509 3622; x_wconf 83' lang='lat' dir='ltr'><em>APV03</em></span> <span class='ocrx_word' id='word_1_308' title='bbox 533 3563 588 3609; x_wconf 85' lang='grc' dir='ltr'><strong><em>τῶν</em></strong></span> <span class='ocrx_word' id='word_1_309' title='bbox 609 3559 745 3624; x_wconf 83' lang='grc' dir='ltr'><em>ΓΔ,ΔΑ,</em></span> <span class='ocrx_word' id='word_1_310' title='bbox 768 3560 921 3625; x_wconf 79' lang='lat' dir='ltr'><strong><em>Aecorr,</em></strong></span> <span class='ocrx_word' id='word_1_311' title='bbox 943 3574 970 3624; x_wconf 88' lang='lat' dir='ltr'><strong><em>p.</em></strong></span> <span class='ocrx_word' id='word_1_312' title='bbox 1047 3563 1072 3611; x_wconf 83' lang='lat'><strong><em>4.</em></strong></span> <span class='ocrx_word' id='word_1_313' title='bbox 1092 3489 1163 3630; x_wconf 60' lang='grc' dir='ltr'><strong><em>ἀπόί</em></strong></span> <span class='ocrx_word' id='word_1_314' title='bbox 1285 3545 1287 3594; x_wconf 61' lang='lat'><em>³</em></span> 
     </span>
    </p>
   </div>
   <div class='ocr_carea' id='block_1_4' title="bbox 0 0 1302 3878">
    <p class='ocr_par' dir='ltr' id='par_1_4' title="bbox 0 0 1302 3878">
     <span class='ocr_line' id='line_1_33' title="bbox 0 0 1302 3878; baseline 0 1"><span class='ocrx_word' id='word_1_315' title='bbox 0 0 1302 3878; x_wconf 95' lang='lat' dir='ltr'><strong><em> </em></strong></span> 
     </span>
    </p>
   </div>
  </div>
 </body>
</html>
