2604 3880
184 226 249 288 246
494 227 581 276 ΠΕΡΙ
598 226 727 277 ΚΩΝΟΤ
744 227 880 277 ΤΟΜΗΣ.

183 382 253 445 τοῖς
276 369 339 434 ἀπὸ
362 373 448 452 ΑΛ,
472 372 535 434 ΑΒ
560 374 625 452 ἶσοι,
649 363 696 433 ὧν
719 370 756 433 τὸ
780 368 843 433 ἀπὸ
866 372 948 432 ΑΜ
966 376 1011 454 τῷ
1035 364 1099 430 ἀπὸ
1124 368 1198 429 ΑΑ
1277 355 1278 358 “

185 481 270 540 ἴσον·
294 477 411 541 λοιπὸν
434 477 497 562 ἄρα
520 476 557 541 τδ
580 475 643 540 ἀπὸ
662 479 735 539 ΜΒ
758 485 803 563 τῷ
828 474 892 539 ἄκὸ
913 477 979 539 ΒΑ
1001 470 1056 537 καὶ
1078 472 1099 556 η
1118 475 1196 536 ΜΒ

183 583 299 646 εὐθεῖα
322 591 361 668 τῇ
385 587 463 646 ΒΑ·
487 579 647 647 ὥστεκαὶ
670 583 729 664 ὅλη
752 581 773 664 ἡ
796 586 872 646 ΜΘ
894 590 933 666 τῇ
957 584 1030 644 ΛΖ.
1078 585 1131 661 ἴση
1156 575 1196 642 δὲ

184 686 239 752 καὶ
266 686 287 770 ἡ
311 692 387 752 ΜΛ
413 699 453 774 τῇ
476 692 557 752 ΛΑ·
585 686 640 752 καὶ
667 690 708 752 τοὶ
731 686 786 752 ἄπ’
812 687 924 752 αὐτῶν
946 689 1010 772 ἄρα
1034 691 1089 751 ἴσοι
1113 685 1195 769 ἐστι’,

148 792 334 859 στοντέστι
356 796 394 859 τὸ
418 793 481 860 ἄτιὸ
504 799 570 858 ΑΖ
593 804 638 882 τῷ
663 794 726 860 ἀπὸ
751 799 832 878 ΑΘ,
855 791 911 858 καὶ
932 792 953 876 ἡ
977 798 1043 858 ΑΖ
1066 803 1106 879 τῇ
1124 797 1194 857 ΑΘ

184 906 246 984 ἄση.
283 901 404 986 ὁμοίως
422 897 459 965 δὲ
477 898 533 965 καὶ
550 899 571 983 ἡ
587 905 661 965 ΑΚ
675 909 714 986 τῇ
729 905 805 965 ΑΗ
819 902 988 965 δείκνυται
1007 906 1071 983 ἴση.
1109 899 1193 964 ἀλλὰ

181 1005 237 1071 καὶ
264 1009 301 1072 αἱ
327 1011 409 1091 ΖΗ,
439 1010 507 1071 ΘΚ
529 1007 642 1091 βάσεις
670 1014 752 1073 ἴσαι·
779 1008 820 1072 τδι
846 1009 911 1093 ἄρα
941 1010 1059 1089 ΖΑΗ,
1090 1010 1196 1070 ΘΑΚ

181 1117 327 1200 τρίγωνα
351 1121 405 1179 ι’σοι
428 1112 540 1179 τεκαὶ
564 1114 661 1200 ὅμοιοί
684 1113 774 1179 ἐστιν
796 1113 958 1196 ἀλληλοις.

248 1223 352 1305 δῆλον
375 1217 411 1285 δὲ
433 1219 488 1286 καὶ
510 1223 547 1286 τὸ
571 1221 795 1307 ἀντίστροφον
818 1221 930 1285 αὐτοῦ.

131 1428 164 1476 10
664 1414 706 1480 ν’.

246 1537 322 1603 Ἐὰν
352 1541 462 1603 κώνου
494 1545 661 1623 σκοληνοῦ
693 1539 711 1605 ὁ
740 1537 828 1617 ἄξων
856 1545 926 1616 ἶσος
952 1533 975 1626 ᾖ
1001 1549 1040 1624 τῇ
1068 1537 1104 1603 ἐκ
1131 1547 1192 1602 τοῦ

180 1643 319 1731 κέντρον
346 1655 403 1728 τῆς
429 1645 569 1730 βάσεως,
597 1650 702 1731 ἔσται,
731 1647 776 1723 ὡς
802 1647 839 1710 τὸ
866 1646 1021 1730 μέγιστον
1043 1656 1112 1710 τῶν
1135 1646 1192 1709 διὰ

180 1761 241 1817 τοῦ
273 1751 390 1830 ἄξονος
421 1753 594 1839 τριγώνων
626 1755 709 1837 πρὸς
736 1754 773 1817 τὸ
802 1751 987 1836 ἐλάχιστον,
1020 1752 1127 1829 οὕτως
1153 1752 1191 1816 τὸ

181 1859 354 1944 ἐλάχιστον
375 1861 458 1946 πρὸς
480 1861 517 1924 τὸ
540 1861 623 1946 πρὸς
647 1859 754 1946 ὀρθὰς
775 1868 814 1944 τῇ
838 1858 932 1942 βάσει
957 1857 1130 1935 ἰσοσκελές.

129 1977 162 2026 15
248 1969 329 2031 ἔστω
353 1978 459 2042 κῶνος
482 1969 654 2050 σκαληνός,
679 1962 719 2031 οὗ
742 1967 874 2052 κορυφὴ
893 1962 955 2050 μὲν
977 1967 1013 2030 τὸ
1037 1971 1079 2048 Α,
1103 1963 1191 2042 ἄξων

182 2068 218 2135 δὲ
251 2071 271 2152 η
300 2077 367 2135 ΑΒ
399 2073 515 2136 εὐθεῖα
548 2078 601 2154 ἴση
635 2068 719 2138 οὖσα
749 2082 789 2158 τῇ
818 2071 853 2137 ἐκ
880 2081 940 2136 τοῦ
967 2069 1106 2158 κέντρον
1134 2082 1193 2156 τῆς

181 2175 317 2260 βάσεως,
340 2175 437 2260 βάσις
455 2174 492 2241 δὲ
511 2177 528 2242 ὁ
547 2176 623 2262 περὶ
641 2180 679 2242 τὸ
699 2183 727 2242 Β
746 2177 885 2265 κέντρον
902 2180 1032 2263 κύκλος,
1051 2178 1106 2244 καὶ
1123 2190 1192 2244 τῶν

180 2285 237 2348 διὰ
260 2292 320 2348 τοῦ
343 2281 460 2361 ἄξονος
482 2281 655 2369 τριγώνων
677 2285 715 2348 τὸ
733 2281 794 2369 μὲν
811 2287 895 2372 πρὸς
914 2285 1020 2371 ὀρθὰς
1037 2295 1077 2371 τῇ
1096 2284 1191 2369 βᾶσει

181 2394 264 2456 ἔστω
291 2392 328 2456 τὸ
358 2393 476 2476 ΓΑΔ,
508 2391 545 2456 τὸ
573 2386 610 2455 δὲ
639 2388 804 2469 ἰσοσκελὲς
830 2393 867 2456 τὸ
895 2397 1008 2456 ΕΑΖ·
1036 2389 1191 2476 μέγιστον

128 2510 162 2559 20
181 2495 242 2582 μὲν
265 2501 329 2585 ἄρα
353 2496 422 2564 ἐστὶ
444 2509 512 2564 τῶν
535 2498 590 2562 διδ
609 2506 669 2562 τοῦ
688 2496 805 2576 ἄξονος
822 2500 860 2563 τὸ
879 2503 946 2563 ΕΑ
953 2503 995 2581 Z,
1019 2497 1190 2582 ἐλάχιστον

181 2602 218 2669 δὲ
245 2607 282 2671 τὸ
307 2609 423 2689 ΓΑΔ,
452 2606 508 2670 διδ
535 2605 575 2669 τὰ
598 2608 760 2690 πρότερον
783 2603 965 2688 δειχθέντα.
1011 2605 1106 2688 ἤχθω
1129 2600 1191 2670 οὖν

180 2711 244 2778 ἀπὸ
266 2721 327 2777 τοῦ
346 2719 378 2776 Α
401 2710 454 2776 ἐπὶ
475 2712 536 2795 την
559 2711 659 2795 βάσιν
680 2711 832 2787 κάθετος·
855 2714 964 2776 πίπτει
988 2712 1029 2795 δὴ
1054 2709 1107 2776 ἐπὶ
1130 2714 1190 2796 τὴν

182 2821 242 2882 ΓΔ
265 2818 449 2904 διάμετρον.
490 2821 572 2883 ἔστω
596 2814 658 2884 οὖν
677 2817 697 2900 η
716 2821 797 2902 ΑΗ,
820 2816 876 2882 καὶ
895 2818 1024 2902 διήχθω
1043 2818 1063 2901 η
1085 2821 1193 2884 ΘΗΚ

180 2926 264 3010 πρὸς
295 2924 401 3010 ὀρθὰς
432 2935 472 3011 τῇ
501 2928 576 3009 ΓΛ,
608 2924 664 2990 καὶ
696 2926 942 3008 διεκβεβλησθω
969 2925 1007 2988 τὸ
1035 2924 1190 2990 ἐπίπεδον

181 3037 196 3042 '—
219 3037 232 3041 η
247 3037 277 3135 ’1.
297 3079 355 3152 ἴσα]
376 3079 422 3135 ἴσοι
442 3079 516 3138 ἐστίν
535 3101 561 3152 p.
634 3084 711 3154 ΑΜ]
729 3091 785 3138 τῶν
803 3086 869 3135 ΑΜ
882 3101 909 3151 p.
991 3087 1015 3134 2.
1036 3079 1110 3153 ἴσον]
1130 3080 1190 3136 ἴσον

181 3149 238 3206 ἐστί
255 3171 282 3221 p.
338 3154 401 3224 ΒΑ]
421 3157 472 3206 ΒΑ
491 3152 552 3208 ἴσον
571 3151 627 3234 ἐστί
644 3172 684 3234 ρ.Ι
729 3159 752 3208 7.
772 3151 842 3244 ἴσαρ]
862 3151 919 3206 ἴσαι
939 3149 990 3206 εἰσί
1007 3171 1034 3221 p.
1090 3158 1114 3207 8.
1134 3150 1190 3220 τρί-

181 3225 269 3296 γονοι]
285 3241 355 3293 vop,
374 3244 407 3277 -α
421 3240 490 3277 corr.
501 3239 564 3278 exo
583 3242 614 3277 1n
632 3224 714 3278 scnb.
729 3224 762 3278 V.
818 3225 913 3295 ομοια]
927 3241 997 3293 vop,
1018 3221 1047 3277 ὅ·
1061 3239 1142 3278 euan.
1157 3223 1189 3277 V.

218 3301 242 3350 9,
262 3296 361 3367 αὐτοῦ]
381 3312 408 3364 ο,
432 3311 521 3364 comp.
536 3295 597 3364 Vv,
618 3313 671 3350 om.
690 3313 718 3365 p.
792 3300 832 3349 19.
853 3296 947 3366 EAZ]
966 3297 1048 3348 ΑΕΖ
1065 3312 1092 3363 p.
1149 3299 1190 3348 20.

182 3365 244 3438 μέν]
264 3383 334 3436 vop,
354 3383 442 3436 comp.
463 3383 547 3436 supra
566 3383 617 3422 scr.
632 3373 698 3421 m.1
719 3366 752 3421 V.
812 3372 853 3420 21.
874 3365 1010 3434 πρότερον
1028 3362 1190 3436 δειχθέντα]

181 3436 388 3509 κροδειχθέντα
405 3457 433 3508 p.
515 3443 557 3491 22.
577 3438 629 3508 δή]
648 3435 681 3492 δέ
698 3455 725 3507 p.
807 3442 849 3491 23.
870 3438 935 3509 ΓΔ]
954 3454 1029 3506 vop,
1059 3436 1190 3506 I'suppl.

181 3526 217 3560 m.
232 3525 286 3562 rec.
296 3509 329 3564 V.
384 3509 500 3582 7‘1(alt.)]
518 3524 594 3577 vop,
614 3508 704 3578 suppl.
723 3526 759 3562 m.
774 3523 828 3562 rec.
838 3507 871 3562 V.
938 3508 1041 3578 ΘΗΚ]
1061 3511 1092 3560 Η
1107 3524 1192 3576 supra

180 3594 233 3632 sor.
252 3598 288 3634 m.
309 3586 323 3633 1
344 3597 366 3634 ο.
440 3586 481 3634 24.
503 3580 564 3650 ΓΔ]
584 3596 635 3648 cp,
656 3596 724 3633 corr.
744 3595 779 3632 ex
798 3583 885 3633 ΓΗΔ
902 3579 936 3649 V,
958 3582 1045 3633 ΓΗΔ
1062 3595 1088 3632 v.
