2604 3880
146 203 212 267 230
459 204 547 258 Πεει
564 202 693 256 πονου
710 203 846 255 Τοιυῑε.

146 348 233 412 οὕτω
261 349 370 430 μεῖζον
397 347 434 410 τὸ
462 347 519 410 διὰ
546 355 604 430 της
630 350 670 410 H
672 353 704 410 A
732 342 896 422 ἰσοσκελὲς
922 353 982 410 τοῦ
1010 345 1067 409 διδ
1094 353 1157 409 τοῦ

146 451 263 530 ἄξονος
286 455 485 528 ἰσοσκελοῦς.

215 561 246 622 εἰ
272 556 308 623 δὲ
335 562 453 644 μείζων
480 558 501 641 ἡ
525 563 596 623 ΗΘ
623 567 681 642 τῆς
708 558 743 624 έκ
765 567 825 624 τοῦ
848 557 1002 644 κέντρου,
1031 560 1111 623 ἔστω
1137 559 1157 643 η

149 669 221 730 ΘΝ
236 664 461 752 ένηρμοσμένη
481 672 535 749 ἰση
554 674 594 750 τῇ
613 665 648 731 έκ
662 674 722 730 τοῦ
735 663 885 751 κέντρου,
903 663 959 730 καί
973 664 1155 750 ἐπεζεύχθω

111 772 277 856 οηΝΑ,
304 772 360 838 καί
387 773 423 838 έν
450 783 495 861 τῳ
523 775 632 861 κύκλῳ
660 774 761 839 πάλιν
787 774 871 859 πρὸς
897 771 1004 858 ὀρθάς
1028 782 1067 858 τῇ
1091 775 1157 837 ΓΔ

145 877 166 960 ἡ
193 878 269 952 ΝΞ.
320 879 390 946 ἐπεὶ
421 877 484 946 οὖν
515 881 536 964 ἡ
565 880 631 945 ὑπὸ
658 885 763 961 ΝΘΒ
790 880 831 945 οὐ
858 883 976 964 μείζων
1004 876 1072 944 ε’στί
1099 887 1157 962 τῆς

146 985 211 1050 ὑπὸ
237 991 354 1071 ΘΑΒ,
377 987 398 1070 ἡ
421 988 485 1072 ἄρα
506 991 577 1052 ΝΘ
598 987 681 1072 πρὸς
701 991 763 1052 ΘΒ
786 986 945 1052 ἐλάττονα
967 988 1069 1067 λόγον
1092 987 1156 1069 ἔχει

146 1092 227 1179 ἥπερ
251 1093 271 1176 ἡ
291 1097 363 1158 ΝΑ
385 1093 468 1177 πρὸς
486 1096 562 1157 AB.
599 1093 643 1168 ώς
665 1090 831 1176 δδηΝΘ
846 1094 931 1180 πρὸς
951 1097 1027 1176 ΘΒ,
1051 1093 1158 1168 οὕτως

145 1196 165 1280 ἡ
185 1203 251 1264 BA
273 1200 357 1284 πρὸς
374 1203 413 1264 Ν
415 1197 454 1271 Ξ·
478 1197 498 1281 ἡ
522 1199 586 1284 ἄρα
605 1203 671 1264 BA
692 1201 776 1284 πρὸς
793 1204 832 1264 Ν
833 1198 864 1272 Ξ
880 1198 1038 1264 ἐλάττονα
1055 1202 1157 1281 λόγον

94 1317 128 1365 10
147 1308 211 1390 ἔχει
241 1308 323 1392 ἥπερ
351 1305 371 1389 η
397 1311 469 1371 NA
496 1307 579 1392 πρὸς
601 1310 676 1370 AB.
722 1309 832 1390 μεῖζον
859 1308 924 1392 ἄρα
951 1307 988 1371 τὸ
1016 1306 1072 1370 διὰ
1099 1314 1157 1388 τῆς

145 1416 221 1476 AN
241 1409 406 1489 ἰσοσκελές
428 1421 488 1476 τοῦ
512 1413 568 1476 διά
590 1421 650 1477 τοῦ
673 1410 791 1490 ἄξονος
810 1414 1012 1488 ἰσοσκελοῦς·
1035 1413 1072 1477 τὸ
1092 1413 1157 1496 ἄρα

146 1517 203 1581 διὰ
235 1527 295 1581 τοῦ
327 1516 445 1595 ἄξονος
477 1515 641 1594 ἰσοσκελές
674 1518 713 1583 οὐ
743 1518 878 1583 πάντων
904 1516 1060 1602 μέγιστόν
1087 1517 1156 1582 έστι

145 1634 214 1688 τῶν
255 1623 438 1710 εἰρημένων
477 1627 666 1690 ἰσοσκελῶν.
725 1624 859 1709 ἐδείχθη
897 1624 948 1708 δέ,
990 1625 1040 1690 ὅτι
1077 1621 1156 1688 οὐδὲ

145 1728 330 1814 ἐλάχιστον·
377 1732 452 1796 οὔτε
492 1733 556 1817 ἄρα
597 1729 753 1815 μέγιστόν
794 1729 862 1795 ἐστι
903 1730 1038 1796 πάντων
1079 1731 1155 1795 οὔτε

93 1850 126 1898 16
146 1836 327 1921 ἐλάχιστον.
723 1912 727 1922 y

618 1943 680 2029 με’.

212 2051 346 2126 Παντὸς
373 2052 483 2115 κώνου
512 2057 678 2135 σκαληνοῦ
706 2051 845 2137 δυνάμει
874 2050 1020 2138 ἀπείρων
1047 2052 1155 2115 ὄντων

145 2165 213 2218 τῶν
245 2156 301 2219 διά
333 2165 393 2220 τοῦ
425 2155 541 2233 ἄξονος
570 2160 743 2243 τριγώνων
770 2159 807 2222 αἰ
831 2157 895 2222 ἄπὸ
922 2165 980 2240 τῆς
1006 2167 1156 2240 κορυφῆς

146 2270 206 2326 τοῦ
238 2263 349 2327 κώνου
382 2261 435 2328 έπί
467 2263 526 2340 τάς
556 2265 669 2348 βάσεις
700 2275 767 2330 τῶν
798 2265 971 2350 τριγώνων
998 2262 1155 2348 ἀγόμεναι

92 2382 127 2432 20
145 2368 282 2434 κάθετοι
305 2379 407 2435 πᾶσαι
430 2369 484 2436 ἐπὶ
508 2369 581 2448 ἑνὸς
603 2372 728 2436 κύκλου
745 2369 958 2457 περιφέρειαν
977 2372 1155 2434 πίπτουσιν

145 2477 240 2552 ὄντος
271 2500 306 2541 τε
339 2477 376 2542 έν
407 2487 452 2566 τῷ
485 2478 574 2566 αὐτῷ
608 2476 749 2565 ἐπιπέδῳ
781 2486 826 2565 τῳ
857 2485 915 2559 τῆς
942 2476 1069 2560 βάσεως
1095 2485 1154 2541 τοῦ

145 2584 255 2648 κώνου
274 2581 424 2671 καὶπερὶ
443 2585 620 2670 διάμετρον
638 2586 699 2668 τὴν
718 2583 754 2649 έν
772 2592 817 2671 τῷ
837 2580 997 2670 εἰρημένῳ
1012 2581 1153 2670 ἐπιπέδῳ

145 2686 464 2776 ἄπολαμβανομένην
491 2692 628 2757 εὐθεῖαν
653 2687 772 2774 μεταξὺ
795 2697 855 2754 τοῦ
878 2713 914 2754 τε
927 2688 1075 2775 ,κέντρου
1098 2698 1155 2772 της

144 2795 271 2877 βάσεως
281 2795 338 2862 καὶ
352 2807 410 2882 τῆς
421 2798 485 2864 άπὸ
495 2808 553 2881 τῆς
561 2806 711 2884 κορυφῆς
726 2795 779 2862 ἐπὶ
788 2798 825 2862 τὸ
837 2795 993 2862 ἐπίπεδον
1001 2795 1155 2862 καθέτου.

91 2915 125 2964 25
212 2905 295 2968 ἔστω
314 2915 420 2981 κῶνος
438 2908 610 2989 σκαληνός,
629 2900 670 2969 οὗ
687 2905 819 2989 κορυφὴ
838 2900 899 2987 μέν
912 2904 949 2968 τὸ
964 2909 996 2968 A
1010 2915 1155 2987 σημεῖον,

144 3008 240 3092 βάσις
258 3006 295 3073 δέ
314 3009 331 3074 ὁ
350 3009 425 3097 περὶ
444 3013 481 3076 τὸ
500 3015 528 3075 Β
546 3009 686 3096 κέντρον
703 3011 833 3094 κύκλος,
855 3007 912 3075 καὶ
930 3008 1018 3088 ἄξων
1037 3009 1054 3075 ὁ
1074 3016 1107 3074 A
1112 3014 1155 3092 B,

146 3114 209 3181 άπὸ
233 3112 270 3180 δέ
293 3125 353 3180 τοῦ
372 3122 405 3180 A
427 3117 568 3193 κάθετος
591 3113 643 3181 ἐπὶ
667 3117 704 3180 τὸ
727 3125 786 3199 τῆς
807 3115 934 3199 βάσεως
956 3114 1113 3180 ἐπίπεδον
1135 3114 1155 3198 ἡ

144 3229 178 3287 A
183 3226 219 3306 Γ,
242 3221 297 3288 καί
321 3222 505 3307 ἐπεζεύχθω
528 3222 549 3305 ἡ
569 3225 646 3306 ΓΒ,
669 3231 709 3308 τη
728 3219 765 3286 δέ
784 3225 846 3286 ΓΒ
865 3220 929 3286 άπὸ
947 3229 1008 3286 τοῦ
1027 3225 1055 3285 Β
1074 3222 1157 3307 πρὸς

145 3329 252 3414 ὀρθάς
273 3331 368 3413 ἤχθω
393 3327 429 3394 έν
451 3337 497 3416 τῷ
520 3329 609 3416 αὐτῷ
633 3326 775 3416 ἐπιπέδῳ
797 3327 817 3410 ἡ
836 3330 918 3410 AB,
941 3335 1101 3411 τυχοῦσαι
1120 3323 1157 3391 δέ

217 3491 240 3539 1.
259 3487 398 3609 τοῦῳτηχ
416 3485 447 3539 τό
467 3501 489 3538 ο.
568 3491 592 3538 3.
613 3484 644 3539 ἐκ
662 3487 725 3556 τοῦ]
744 3484 788 3538 bis
807 3484 840 3538 V.
919 3489 943 3538 8.
963 3481 1154 3545 &sab-10.

144 3556 206 3625 AB]
225 3572 280 3624 mg.
299 3573 318 3623 p
337 3558 379 3625 (κε
391 3560 497 3625 μενον).
588 3561 630 3610 21.
655 3556 748 3626 ὄντος]
772 3555 850 3618 ἄντες
868 3554 927 3622 Vc,
952 3553 1012 3609 ὄντι
1029 3573 1061 3623 p,
1086 3571 1155 3608 corr.
