2594 3878
166 228 230 292 100
434 231 522 281 ΠΕΡΙ
539 230 754 281 κνΛΙΝΔΡον
772 230 908 282 Tomos.

164 383 274 458 τομῶν
297 374 382 436 εἰσιν
402 374 440 436 αί
457 377 542 455 AM,
561 369 633 446 NE
649 373 786 438 εὐθεῖαι.
822 375 1042 455 κατήχθωσαν
1059 374 1182 436 τοίνυν

164 477 218 544 ε’πὶ
240 480 298 554 τὰς
317 483 402 561 AM,
421 479 492 552 NE
512 477 709 565 διαμέτρους
731 481 768 544 αί
785 485 819 543 A
825 484 863 562 0,
882 484 957 543 ΕΠ
974 476 1181 562 τεταγμένως

163 584 219 650 καὶ
242 588 606 670 προσεκβεβλήσθωσαν
629 584 682 650 έπλ
704 586 850 671 θάτερον
868 584 967 669 μέρος
984 594 1042 668 τῆς
1060 583 1180 669 ἐπιφοι-

162 694 254 768 νείας
289 693 372 756 κατὰ
407 693 445 756 τὸ
478 696 508 755 Ρ
535 690 591 756 καὶ
623 697 664 756 Σ.
719 689 788 756 ἐπεὶ
819 687 881 757 οὖν
914 691 1091 775 ἐφάπτεται
1120 701 1181 775 τής

127 802 311 863 ῦΛΔΜΡ
334 807 484 884 γραμμῆς
506 797 526 880 A
552 801 617 862 ΓΔ
638 799 721 862 κατὰ
748 799 785 863 τὸ
813 804 860 880 A,
888 796 943 862 καὶ
970 797 1133 862 δέδεικται
1156 797 1179 880 A

161 906 297 988 τοιαύτη
325 914 385 970 τοῦ
413 905 595 988 κυλίνδρου
622 905 705 988 τομή
733 908 876 983 ἔλλειψις
902 899 1001 988 οὖσα,
1033 902 1105 969 ἀλλ’
1136 905 1178 969 οὐ

161 1013 292 1094 κύκλος,
314 1009 370 1076 καὶ
393 1019 549 1094 κατῆκται
568 1009 771 1095 τεταγμένως
789 1010 809 1093 A
830 1017 863 1075 A
869 1016 907 1094 O,
931 1011 976 1087 ὡς
994 1013 1058 1096 ἄρα
1076 1011 1097 1095 A
1116 1015 1184 1076 ΛΓ

161 1120 245 1205 πρὸς
271 1121 332 1203 τήν
361 1121 446 1202 PM,
475 1119 580 1195 οὕτως
607 1118 628 1201 A
652 1123 718 1184 AO
744 1119 828 1203 πρὸς
854 1120 915 1202 τήν
939 1123 1025 1201 OM,
1054 1119 1099 1195 ὡς
1125 1117 1178 1182 δέ-

163 1227 288 1290 δεικται
316 1235 361 1312 τῳ
388 1222 597 1313 Ἀπολλωνίῳ
626 1225 663 1290 έν
685 1235 730 1313 τῳ
755 1223 788 1289 α’
813 1236 880 1289 τῶν
903 1229 1075 1290 Κωνικῶν.
1121 1224 1179 1289 καί

112 1341 145 1390 10
165 1333 220 1396 διὰ
247 1332 288 1395 τὰ
315 1331 414 1414 αὐτοί,
442 1332 487 1408 ὡς
509 1331 529 1414 A
553 1335 626 1396 ΝΓ
642 1333 726 1417 πρὸς
747 1333 808 1415 τήν
832 1331 906 1413 PE,
932 1332 1037 1408 οὕτως
1059 1332 1079 1415 A
1103 1337 1183 1396 NH

162 1439 245 1524 πρὸς
272 1439 334 1520 τήν
361 1437 432 1510 HE.
483 1436 552 1502 ἐπεὶ
579 1435 616 1502 δὲ
644 1439 664 1521 A
692 1442 771 1502 ΝΗ
794 1448 833 1523 τῇ
863 1442 942 1502 ΘΜ
968 1438 1178 1524 παράλληλός

166 1544 272 1627 ἐστιν,
300 1544 345 1620 ὡς
372 1545 436 1628 ίίρα
464 1543 484 1626 A
513 1547 583 1608 ΛΓ
609 1545 693 1629 πρὸς
719 1546 780 1628 τήν
808 1547 894 1626 ΓΜ,
927 1544 1032 1622 οὕτως
1060 1543 1081 1627 A
1109 1549 1184 1610 NP

163 1651 246 1736 πρὸς
268 1652 329 1734 τήν
348 1649 425 1723 'PE'
454 1648 509 1714 καὶ
533 1650 578 1727 ὡς
600 1651 664 1732 ἄρα
687 1650 707 1733 A
732 1655 797 1715 AO
820 1652 904 1737 πρὸς
925 1653 986 1735 τήν
1010 1656 1097 1735 OM,
1121 1652 1178 1716 ού-

163 1779 228 1833 τως
258 1756 278 1839 ή
306 1761 384 1821 ΝΠ
409 1758 492 1843 πρὸς
523 1759 584 1840 τήν
612 1757 691 1831 HE·
719 1756 739 1840 A
768 1759 831 1842 ἄρα
858 1759 898 1821 τὰ
926 1762 974 1840 Π,
1000 1763 1028 1822 0
1060 1771 1179 1842 σημεῖα

116 1874 149 1922 15
169 1863 426 1946 ἐπιζευγνύουσαι
458 1863 573 1928 εύδεϊα
605 1863 641 1929 έν
672 1874 717 1952 τῳ
745 1868 816 1928 ΗΘ
847 1863 989 1951 ἐπιπέδῳ
1022 1862 1091 1928 ἐστὶ
1122 1863 1178 1929 καὶ

164 1971 373 2055 παράλληλος
400 1969 535 2057 ἑκατέρᾳ
557 1982 624 2036 τῶν
642 1975 723 2054 BA,
744 1975 825 2035 ΘΜ.
871 1969 926 2034 καί
949 1969 1018 2035 ἐπεὶ
1041 1968 1178 2057 ἑκατέρα

164 2088 231 2142 τῶν
253 2082 286 2140 A
293 2081 335 2160 0,
359 2081 431 2141 ΕΠ
450 2087 489 2162 τῇ
515 2080 581 2141 ΓΚ
599 2077 808 2162 παράλληλός
831 2076 930 2160 ἐστιν,
954 2078 991 2142 αι’
1011 2083 1089 2161 AO,
1107 2083 1183 2143 ΕΠ

165 2185 229 2268 ίίρα
255 2180 310 2246 καὶ
338 2182 494 2264 ἀλλήλαις
521 2181 585 2248 είσί
612 2183 825 2268 παράλληλοι.
876 2183 933 2248 έδιν
961 2185 1002 2267 δή
1030 2185 1087 2249 διὰ
1109 2196 1179 2249 τῶν

165 2295 199 2354 A
206 2293 249 2372 0,
273 2293 347 2353 ΕΠ
365 2289 508 2354 εὐθειῶν
531 2287 618 2374 ἀχθῇ
643 2289 808 2374 ἐπίπεδον,
830 2302 921 2374 τεμεῖ
941 2291 978 2355 τὸ
1004 2295 1076 2355 ΘΗ
1094 2313 1177 2378 παρ-

113 2406 148 2455 20
166 2398 441 2482 αλληλόγραμμον
468 2396 550 2460 κοιτδι
577 2397 639 2478 τήν
663 2401 735 2460 ΟΠ
754 2397 921 2482 γραμμήν,
947 2394 1003 2461 καὶ
1026 2401 1116 2462 ἔσται
1139 2400 1177 2464 τὸ

166 2507 307 2568 ΠΕΔΟ
340 2503 495 2568 ἐπίπεδον
524 2502 736 2589 παράλληλον
764 2502 905 2590 ἐπιπέδῳ
933 2501 999 2568 τινὶ
1027 2515 1094 2569 τῶν
1121 2505 1178 2569 διδι

165 2618 223 2694 τῆς
255 2614 321 2674 BA
353 2609 524 2694 ἀγομένων
555 2607 610 2674 καὶ
642 2612 830 2694 τεμνόντων
861 2612 898 2674 τὸ
926 2614 1010 2674 ΗΘ·
1043 2611 1080 2675 τὸ
1113 2613 1179 2696 ἄρα

166 2722 204 2782 11
206 2722 273 2782 EA
279 2722 307 2781 Ο
331 2716 486 2781 ἐπίπεδον
509 2718 613 2800 τομήν
635 2719 765 2799 ποιήσει
789 2715 825 2780 έν
843 2726 889 2804 τῳ
907 2719 1075 2805 κυλίνδρῳ
1094 2740 1178 2803 παρ-

166 2825 455 2907 αλληλόγραμμον,
492 2823 537 2899 ὡς
570 2822 704 2906 ἐδείχθη
735 2824 927 2908 θεωρήματι
959 2828 1068 2912 τρίτῳ.
1122 2829 1182 2890 καί

114 2939 148 2987 25
168 2927 258 2993 ἐστιν
280 2928 300 3012 A
319 2933 387 2992 EA
405 2930 537 3015 γραμμή
560 2929 655 3012 κοινή
678 2930 760 3012 τομή
782 2938 841 2993 τοῦ
861 2933 1002 2996 ΠΕΔΟ
1020 2930 1179 2996 ἐπιπέδου

167 3032 302 3118 καὶτῆς
325 3043 385 3098 τοῦ
407 3035 589 3121 κυλίνδρου
613 3034 818 3120 ἐπιφανείας·
841 3034 861 3117 A
885 3040 952 3100 EA
975 3037 1039 3122 ίίρα
1062 3037 1180 3103 εὐθεῖαί

168 3141 237 3208 έστι
264 3139 318 3206 καὶ
345 3142 471 3228 πλευρὰ
498 3149 557 3206 τοῦ
585 3141 937 3228 παραλληλογράμμου.
987 3141 1110 3227 ὁμοίως
1136 3146 1179 3230 δή

169 3251 337 3315 δεικνύναι
363 3245 418 3312 καὶ
446 3247 499 3313 ἐπὶ
525 3259 641 3312 πασῶν
668 3259 735 3312 τῶν
763 3247 1013 3333 έῳαπτομένων,
1045 3248 1100 3314 καὶ
1128 3251 1181 3316 ὅτι

226 3445 309 3512 ,2,,Ε
379 3443 472 3494 ΡΠο.
553 3448 579 3495 4,
598 3440 641 3512 τό]
660 3441 718 3510 Vc,
741 3439 777 3494 τοί
794 3459 821 3509 p.
906 3446 930 3495 5.
950 3444 1085 3514 AAMP]
1105 3460 1132 3510 e,
1161 3449 1186 3498 Ρ

170 3511 335 3582 οοεοιιςυζίυ
376 3516 452 3580 ‚AA
459 3515 520 3566 ME
538 3529 564 3581 v,
584 3517 676 3566 AAM
689 3531 716 3581 p.
788 3512 819 3565 τὸ
839 3517 872 3580 A,
891 3512 939 3566 καλ
958 3511 1109 3585 δέδεικται]
1129 3514 1182 3568 ab—

170 3584 347 3675 sumpuaejrunt
360 3598 468 3636 uermes
482 3581 552 3651 inp.
626 3590 649 3639 9.
670 3589 706 3655 τῷ
716 3584 789 3654 (pr.)]
809 3599 862 3637 om.
877 3601 903 3652 p.
976 3585 1020 3655 α’]
1039 3585 1138 3658 πρώτῳ
1157 3603 1182 3642 ο.
