2574 3882
181 211 225 274 64
322 232 324 235 -
451 212 538 262 ΠΕΡΙ
555 210 770 263 ΚΤΛῙΝΔΡον
788 211 923 262 romaz.

180 354 270 419 ἐστιν
298 354 318 437 ῆ
349 359 415 418 ΘΧ
437 353 539 438 ὀρθία
566 362 626 418 τοῦ
658 354 770 430 εἴδους
801 353 941 438 πλευραί·
984 354 1004 437 ῆ
1036 356 1100 439 ἄρα
1130 361 1202 420 ΘΧ

180 459 235 524 καὶ
254 458 307 525 ἐπὶ
325 470 383 544 τῆς
400 469 459 525 τοῦ
478 461 660 542 κυλίνδρου
679 469 780 544 τομῆς
799 460 901 546 ὀρθία
920 459 989 524 ἐστὶ
1007 471 1067 525 τοῦ
1081 463 1197 540 είδους

179 566 312 650 πλευραί.
355 565 424 632 ἐπεὶ
446 563 519 650 οὖν,
543 567 629 650 ὡςῆ
656 569 728 631 ΘΗ
745 568 828 652 πρὸς
850 568 911 650 τῆν
931 571 1003 651 ΘΧ,
1026 569 1131 646 οὕτως
1154 573 1196 636 τὸ

178 673 243 738 ὑπὸ
267 683 335 738 τῶν
357 678 396 737 Η
401 679 446 757 Φ,
468 679 535 738 ΦΘ
560 675 642 758 πρὸς
664 675 702 738 τὸ
725 673 789 738 ἀπὸ
813 683 870 760 τῆς
896 679 975 758 ΦΥ,
998 673 1130 758 ἐδείχθη
1156 672 1197 741 δὲ

144 777 234 843 σκαὶ
262 777 315 844 ἐπὶ
343 789 401 864 τῆς
427 773 487 845 τοῦ
514 782 696 867 κυλίνδρου
724 790 838 864 τομῆς,
867 780 911 856 ὡς
938 780 958 864 ῆ
986 784 1108 863 πλαγία
1131 793 1195 848 τοῦ

178 887 289 962 είδους
316 888 441 974 πλευρδι
468 888 551 972 πρὸς
578 888 639 971 τῆν
666 887 803 972 ὀρθίαν,
835 887 940 963 οὕτως
967 889 1004 952 τὸ
1031 887 1095 952 ὑπὸ
1123 901 1194 954 τῶν

177 993 353 1078 τμημάτων
376 1003 435 1077 τῆς
458 995 635 1079 διαμέτρου
658 995 742 1080 πρὸς
763 995 801 1058 τὸ
825 994 888 1058 ἀπὸ
912 1003 970 1076 τῆς
988 994 1194 1079 κατηγμένης

178 1099 231 1166 ἐπ’
257 1101 362 1184 αὐτὴν
389 1099 592 1185 τεταγμένως
619 1099 673 1166 καὶ
700 1103 860 1184 ποιούσης
886 1101 927 1165 τδι
949 1103 1112 1186 τμήματα,
1135 1101 1194 1168 καὶ

178 1205 231 1272 ἐπὶ
259 1217 316 1291 τῆς
343 1217 403 1272 τοῦ
431 1209 613 1293 κυλίνδρου
636 1209 700 1293 ἄρα
723 1216 837 1292 τομῆς,
865 1207 910 1283 ὡς
932 1209 953 1291 ῆ
978 1212 1051 1272 ΘΗ
1068 1213 1194 1291 πλαγία

127 1327 159 1375 10
178 1323 238 1378 τοῦ
257 1315 368 1390 είδους
386 1315 512 1400 πλευρὰ
529 1315 612 1400 πρὸς
630 1316 691 1398 τῆν
713 1319 780 1379 ΘΧ
793 1313 926 1400 ὀρθίαν,
945 1314 1051 1390 οὕτως
1069 1316 1105 1380 τὸ
1124 1315 1191 1382 ὑπὸ

176 1431 244 1484 τῶν
262 1423 300 1483 Η
305 1423 345 1502 Φ,
367 1424 434 1484 ΘΦ
456 1421 538 1506 πρὸς
561 1422 598 1485 τὸ
622 1421 685 1485 ἀπὸ
709 1430 767 1504 τῆς
791 1427 863 1504 ίσης
886 1429 925 1506 τῆ
948 1425 1012 1486 ΤΦ
1030 1420 1085 1486 καὶ
1107 1425 1193 1507 πρὸς

177 1533 250 1602 ίσας
281 1529 404 1608 γωνίας
434 1525 595 1610 ιἰγομένης
623 1525 676 1591 ἐπὶ
703 1509 768 1611 τῆν’
795 1531 870 1592 ΘΗ.
917 1525 989 1592 ἀλλ’
1019 1527 1039 1610 ἡ
1069 1535 1122 1612 ίση
1150 1539 1191 1616 τῆ

180 1637 244 1696 ΥΦ
275 1630 331 1696 καὶ
363 1633 445 1718 πρὸς
473 1639 546 1708 ίσας
573 1637 696 1714 γωνίας
724 1631 773 1697 ἐπ’
805 1634 909 1717 αὐτὴν
937 1633 1080 1719 ἀγομένη
1108 1638 1192 1701 κατὰ

176 1740 213 1803 τὸ
240 1743 270 1802 Φ
294 1739 354 1822 οὐχ
378 1736 470 1824 ἑτέρα
495 1737 563 1803 ἐστὶ
586 1749 644 1823 τῆς
671 1744 743 1804 ΥΦ.
789 1741 809 1824 ἡ
834 1742 898 1825 ἄρα
925 1745 993 1804 ΦΤ
1012 1740 1067 1806 καὶ
1091 1742 1127 1807 έν
1149 1754 1190 1830 τῆ

125 1858 157 1904 15
176 1854 236 1910 τοῦ
265 1846 447 1929 κυλίνδρου
475 1843 544 1910 ἐστὶ
571 1847 675 1931 τομῆ·“
695 1847 731 1910 τὸ
760 1847 823 1932 ίίρα
851 1853 880 1910 Y
899 1859 1036 1932 σημεῖον
1058 1847 1111 1913 ἐπὶ
1134 1860 1192 1934 τῆς

176 1961 236 2017 τοῦ
264 1953 374 2016 κώνου
403 1951 595 2036 ἐπιφανείας
623 1951 663 2016 δν
690 1951 745 2017 καὶ
769 1951 822 2017 ἐπὶ
844 1963 902 2037 τῆς
925 1963 984 2018 τοῦ
1008 1957 1190 2042 κυλίνδρου

176 2056 266 2124 ἐστὶν
294 2057 494 2142 ἐπιφανείας.
540 2059 662 2142 ὁμοίως
689 2055 726 2123 δὲ
749 2060 934 2144 δείκνυται,
957 2060 1020 2126 κᾶν
1043 2061 1190 2129 δσασοῦν

176 2164 297 2248 ὁμοίως
324 2163 527 2248 τεταγμένως
554 2164 736 2250 ἀγάγωμεν.
787 2165 806 2248 ῆ
838 2171 941 2232 ΘΡΗ
964 2169 1028 2254 ἄρα
1056 2173 1189 2255 γραμμῆ

177 2269 213 2335 έν
239 2282 311 2347 ταῖς
338 2270 544 2355 ἐπιφανείαις
571 2269 660 2336 ἐστὶν
688 2271 885 2358 ἀμφοτέρων
909 2285 977 2338 τῶν
1000 2277 1188 2360 σχημάτων·

125 2376 197 2460 2οῆ
224 2381 327 2442 ΘΡΗ
346 2379 409 2464 ἄρα
432 2379 514 2462 τομὴ
538 2381 596 2462 μία
618 2377 674 2442 καὶ
696 2378 716 2462 ῆ
740 2379 822 2463 αὐτῆ
847 2379 883 2446 έν
902 2379 1101 2466 ἀμφοτέροις
1120 2382 1189 2449 ἐστὶ

176 2496 246 2562 τοϊς
269 2485 418 2570 σχῆμασι.
459 2483 514 2549 καὶ
538 2483 607 2549 ἐπεὶ
629 2487 875 2569 κατεσκευάσθη
898 2486 919 2569 ἡ
942 2487 1006 2553 ὑπὸ
1027 2493 1102 2573 ΓΑ,
1120 2497 1189 2556 ΑΕ

177 2594 295 2676 γωνία,
332 2590 501 2656 τουτέστιν
532 2591 553 2674 ῆ
585 2592 649 2657 ὑπὸ
683 2597 768 2676 ΑΗ,
796 2597 880 2676 ΗΘ,
913 2595 986 2676 ῆτοι
1017 2599 1137 2678 μείζων
1168 2597 1188 2681 ἢ

176 2697 321 2764 ἐλάττων
344 2695 428 2765 οὖσα
450 2707 508 2782 τῆς
530 2700 613 2784 πρὸς
635 2709 680 2787 τῷ
704 2704 747 2783 Β,
777 2699 797 2782 ῆ
821 2701 885 2786 ἄρα
908 2703 990 2785 τομὴ
1014 2704 1074 2767 οὔκ
1098 2703 1188 2770 ἐστιν
1279 2747 1280 2786 3

175 2805 368 2869 ὑπεναντία·
392 2805 533 2888 ῆΘΡΗ
542 2807 606 2890 ἄρα
624 2807 705 2890 τομὴ
726 2807 787 2870 οὔκ
805 2805 874 2871 ἐστι
892 2808 1023 2884 κύκλος·
1043 2811 1188 2889 ἔλλειψις
1278 2787 1280 2848 ί

123 2921 157 2970 25
176 2911 240 2995 ίίρα
272 2908 361 2990 ἐστὶν
389 2909 409 2992 ῆ
441 2915 547 2975 ΘΡΗ.
597 2910 652 2976 καὶ
679 2921 739 2976 τοῦ
767 2913 877 2977 κώνου
906 2915 969 2999 ἄρα
995 2925 1055 2980 τοῦ
1085 2916 1186 2984 ἐκκει-

177 3014 278 3100 μένου
301 3014 438 3080 καὶτοῦ
461 3018 642 3102 κυλίνδρου
665 3019 686 3102 ῆ
709 3020 790 3103 τομῆ
814 3020 896 3104 αὕτη
920 3024 1063 3101 ἔλλειψίς
1081 3023 1186 3090 ἐστιν·

178 3123 256 3206 ὅπερ
280 3123 346 3186 ἔδει
370 3120 482 3200 δεῖξαι.

247 3428 271 3475 2.
296 3417 357 3492 ἐπί]
382 3420 428 3475 ἐπὶ
445 3430 494 3490 τῆς
511 3431 560 3476 τοῦ
580 3424 671 3478 κώνου
690 3425 739 3479 καλ
758 3423 804 3480 ἐπί
821 3445 848 3495 p.
930 3433 953 3481 3.
980 3430 1054 3501 ΘΗ]
1079 3433 1139 3486 ΗΘ
1156 3450 1184 3500 p.

212 3499 236 3546 9.
258 3493 331 3633 ΘΗῆ
347 3510 396 3561 vp,
417 3497 447 3546 H
463 3493 665 3564 euan.v(0?)‚
686 3499 775 3550 ΘΟο.
838 3503 878 3552 11.
900 3499 966 3569 ΘΦ]
987 3502 1042 3554 ΦΘ
1060 3519 1086 3569 p.
1144 3508 1186 3556 12,

177 3561 316 3632 ἀγομένης
346 3560 470 3635 ἀγομένη
489 3565 577 3633 ch?
637 3571 677 3620 13.
698 3565 811 3638 γωνίας]
832 3585 878 3637 cp,
898 3567 1013 3632 εὐθείας
1026 3570 1059 3640 V,
1079 3593 1119 3640 γρ.
1138 3577 1187 3628 Γω
1265 3582 1278 3621 ο
