2574 3882
397 222 447 271 DE
465 220 642 272 SEOTIONE
661 220 840 273 OYLINDRI.
1082 218 1123 280 67

578 379 665 446 XXI.

181 483 272 551 Oono
310 487 386 551 dato
423 493 456 552 et
491 488 527 551 in
558 509 596 552 eo
619 487 732 574 ,ellipsi
765 487 947 571 cylindrum
978 487 1125 551 inuenire

115 594 226 658 eadem
250 595 323 659 coni
347 594 453 679 ellipsi
476 599 609 660 sectum.

181 699 225 764 sit
248 701 343 764 datus
368 723 477 785 conus,
500 702 591 766 cuius
610 701 792 786 triangulus
811 723 869 786 per
887 723 979 765 axem
997 701 1125 785 positus

115 807 157 870 sit
181 809 296 891 ΑΒΓ,
321 807 356 869 in
379 828 417 870 eo
442 811 551 872 autem
574 809 650 872 data
673 806 809 892 ellipsis,
833 806 924 872 cuius
949 806 1125 871 diametrus

116 917 193 996 ZE,
222 934 304 996 quae
333 913 373 976 ad
396 919 429 978 Δ
457 915 668 999 producatur,
695 919 776 977 AM
797 917 907 978 autem
930 917 1036 977 rectae
1061 917 1127 977 ΖΛ
1258 975 1266 986 ,

401 1102 569 1625 l*

401 1202 1032 1929 rlkg

234 1895 265 1943 B
383 1917 684 1971 curra

112 2066 278 2151 parallelo,
300 2069 526 2148 rectorumque
545 2068 633 2148 ΒΜ,
653 2068 730 2129 ΜΓ
748 2064 854 2128 media
871 2065 1125 2149 proportionalis

114 2173 158 2238 sit
186 2175 279 2256 MH,
311 2176 343 2235 et
372 2172 508 2236 ducatur
537 2175 623 2254 AH,
655 2194 713 2255 per
740 2175 862 2256 puncta
890 2176 998 2236 autem
1027 2177 1070 2257 Z,
1096 2179 1128 2238 E

113 2283 222 2344 rectae
242 2281 318 2342 AH
336 2278 509 2363 parallelae
532 2278 691 2342 ducantur
710 2282 787 2361 zo,
807 2281 923 2362 ΚΕΛ,
947 2279 1127 2364 expleatur·

115 2407 177 2470 que
217 2385 558 2471 parallelogrammum
599 2388 671 2448 ΘΛ.
732 2384 759 2448 si
800 2385 903 2469 igitur
944 2385 1125 2469 cylindrum

115 2491 311 2575 finxerimus,
336 2491 426 2555 cuius
449 2492 537 2556 basis
562 2491 605 2555 sit
628 2490 767 2555 circulus
791 2490 912 2555 circum
931 2489 1125 2556 diametrum

118 2602 197 2682 ΘΚ,
216 2598 555 2684 parallelogrammum
575 2602 684 2661 autem
701 2618 760 2679 per
778 2618 871 2660 axem
884 2595 1028 2678 positum
1045 2601 1126 2680 ΘΛ,

116 2706 214 2770 etiam
237 2705 272 2768 in
296 2704 440 2789 cylindro
465 2704 564 2769 sectio
584 2703 654 2788 erit,
678 2702 769 2768 ouius
789 2702 965 2766 diametrus
984 2707 1034 2767 est
1055 2707 1124 2768 ZE.

114 2812 225 2897 itaque
251 2811 363 2876 eodem
385 2812 494 2894 mod0,
523 2832 586 2894 quo
609 2810 645 2874 in
666 2809 872 2894 praecedenti
894 2809 1127 2895 propositione,

116 2917 426 3003 demonstrabimus,
462 2917 561 2982 etiam
598 2916 734 2981 alteram
766 2916 961 2982 diametrum
993 2917 1127 2981 eandem

116 3047 185 3090 esse
211 3046 385 3108 omnesque
408 3028 514 3089 rectas
538 3023 684 3088 ordinate
708 3024 829 3088 ductas.
872 3045 949 3109 ergo
972 3023 1125 3089 inuentus

115 3137 165 3198 est
189 3131 362 3216 cylindrus,
386 3130 442 3214 qui
465 3131 540 3195 data
563 3130 670 3214 ellipsi
693 3130 761 3195 dati
785 3130 858 3195 coni
877 3135 1018 3216 secatur,
1041 3131 1127 3215 quod

114 3239 185 3304 fieri
210 3238 392 3321 oportebat.

570 3341 673 3409 XXII·
794 3375 795 3378 ,

186 3450 341 3537 Cylindro
378 3451 454 3514 dato
491 3455 524 3515 et
559 3451 595 3514 in
627 3473 665 3515 eo
696 3451 801 3536 ellipsi
833 3472 951 3515 conum
982 3447 1127 3514 inuenire

116 3560 226 3624 eadem
251 3557 358 3641 ellipsi
382 3557 518 3642 cylindri
542 3562 674 3622 sectum.

930 3660 965 3712 5*
