2594 3878
150 206 214 268 162
465 206 552 256 ΠΕΡΙ
569 205 699 258 ΚΩΝΟΤ
717 205 852 257 ΤΟΜΗΣ.

150 352 281 434 μείζονα
304 351 405 430 λόχον
429 350 493 431 ἔχει
512 349 594 433 ήπερ
613 349 650 412 τὸ
666 350 726 412 ΓΔ
748 348 831 430 πρὸς
849 351 926 430 ΔΖ,
949 345 1004 412 καὶ
1023 346 1165 426 ἐναλλὰξ

149 458 185 521 τὸ
218 459 283 519 ΑΒ
316 455 398 540 πρὸς
428 459 489 519 ΓΛ
520 458 651 539 μείζονα
683 457 784 537 λόγον
817 457 881 538 ἔχει
913 456 995 540 ήπερ
1027 455 1063 519 τὸ
1097 459 1164 520 ΕΒ

148 563 231 648 πρὸς
259 566 334 625 ΖΔ.
383 565 442 626 καί
463 561 557 627 ’ἐστιν
585 568 660 626 ἴσον
686 563 723 626 τὸ
749 565 814 625 ΑΒ
845 571 891 649 τῷ
919 565 992 626 ΓΛ·
1026 564 1164 626 ἔλαττον

149 670 213 754 ἄρα
236 669 273 733 τὸ
295 672 358 732 ΕΒ
387 676 446 732 τοῦ
472 673 545 732 ΖΔ.
591 669 627 733 τὸ
652 665 688 732 δὲ
713 673 778 732 ΖΔ
800 677 860 732 τοῦ
885 669 947 732 ΓΖ
974 667 1014 732 οὐ
1037 671 1163 752 μεῖζον·

114 773 204 839 οιαὶ
226 783 286 840 τοῦ
310 777 372 839 ΓΖ
395 776 459 861 ἄρα
483 777 623 840 ἔλασσόν
647 774 715 839 ἐστι
737 775 774 840 τὸ
793 779 866 839 ΕΒ.
902 768 945 857 ήν
968 770 1005 839 δὲ
1026 772 1163 839 καὶτοῦ
1293 827 1294 836 ,

148 885 217 945 ΑΕ
243 883 392 946 ἔλαττον·
425 881 597 965 ἐλάχιστον
624 885 688 969 ἄρα
715 883 752 948 τὸ
775 885 846 946 EB.
897 881 998 946 πάλιν
1026 879 1095 946 ἐπεὶ
1123 881 1161 946 τὸ

148 991 213 1052 ΑΒ
237 997 282 1076 τῷ
303 991 363 1052 ΓΔ
386 993 469 1071 ἴσον,
493 983 541 1053 ὧν
563 990 600 1054 τὸ
619 993 682 1053 ΕΒ
706 997 766 1052 τοῦ
784 993 851 1052 ΔΖ
874 991 1019 1071 ἔλαττον,
1043 989 1163 1053 λοιπὸν
1292 997 1294 1024 ³

148 1094 212 1179 ἄρα
239 1096 276 1159 τὸ
302 1099 369 1158 EA
396 1099 515 1159 λοιποῦ
543 1105 602 1159 τοῦ
629 1099 689 1160 ΓΖ
717 1098 835 1180 μεῖζον.
881 1097 917 1160 τὸ
945 1091 983 1159 δὲ
1011 1097 1073 1158 ΓΖ
1100 1102 1162 1159 τοῦ
1293 1089 1294 1092 “

149 1204 214 1264 ΖΔ
242 1201 303 1266 οὐκ
331 1204 467 1266 ἔλαττόν
496 1201 577 1266 ἐστι·
609 1200 747 1266 καὶτοῦ
773 1207 839 1266 ΖΔ
866 1203 930 1287 ἄρα
958 1203 1068 1285 μεῖζόν
1092 1201 1162 1266 ἐστι

95 1321 129 1370 10
147 1307 184 1372 τὸ
203 1312 279 1372 ΑΕ.
316 1301 358 1390 ήν
381 1304 418 1372 δὲ
440 1306 496 1373 καὶ
518 1317 578 1374 τοῦ
598 1313 660 1374 ΕΒ
684 1312 806 1393 μεῖζον·
830 1306 985 1392 μέγιστον
1008 1309 1072 1393 ἄρα
1092 1305 1162 1372 ἐστὶ
1292 1353 1294 1402 j

148 1415 186 1480 τὸ
209 1419 289 1498 AE,
313 1414 350 1478 τὸ
374 1411 411 1478 δὲ
433 1418 496 1478 ΕΒ
520 1413 700 1498 ἐλάχιστον.

633 1669 652 1710 τι
668 1695 675 1710 .

212 1768 288 1835 Ἐὰν
312 1769 374 1834 δύο
397 1773 542 1856 τρίγωνα
565 1770 623 1847 τοὶς
646 1793 680 1834 τε
703 1769 815 1853 βάσεις
844 1775 916 1846 ἴσοις
944 1772 1014 1855 ἔχῃ,
1043 1773 1100 1856 ἔχῃ
1124 1768 1161 1836 δὲ

147 1875 282 1953 καὶτὰς
306 1875 369 1942 ἀπὸ
392 1885 449 1960 τῆς
472 1881 622 1961 κορυφῆς
646 1873 698 1940 ε’πὶ
721 1877 782 1960 τήν
806 1877 999 1960 ὃιχοτομίιιν
1021 1885 1079 1960 τής
1101 1878 1161 1960 βά-
1293 1915 1294 1932 ι

95 1995 127 2043 15
147 1998 229 2058 σεως
255 1979 399 2066 ἠγμένοις
426 1981 559 2058 εὐθείας
587 1988 674 2065 ἴσοις,
706 1991 766 2047 τοῦ
795 1977 831 2046 δὲ
857 1980 969 2068 ἑτέρου
997 1981 1017 2065 ή
1040 1986 1162 2067 μείζων
1292 2067 1293 2070 ¹

145 2087 272 2172 πλευρὰ
300 2089 383 2172 πρὸς
405 2089 466 2171 τήν
490 2088 647 2152 ἐλάττονα
670 2091 801 2172 μείζονα
825 2091 926 2172 λόγον
954 2091 1010 2174 ἔχῃ
1033 2091 1115 2175 ήπερ
1139 2090 1161 2174 ή

146 2201 206 2258 τοῦ
229 2199 348 2258 λοιποῦ
371 2197 489 2279 μείζων
511 2196 594 2276 πρὸς
616 2195 677 2278 τήν
702 2193 859 2260 ἐλάττονα
882 2194 902 2278 ή
925 2193 980 2259 καὶ
1000 2201 1054 2278 ἴσῃ
1077 2195 1161 2281 πρὸς

145 2301 206 2386 τήν
226 2306 312 2384 ἴσῃν,
336 2295 377 2366 οὗ
400 2300 421 2384 ή
444 2303 562 2384 μείζων
585 2301 711 2386 πλευρὰ
733 2303 816 2387 πρὸς
834 2302 895 2384 τήν
914 2300 1072 2366 ἐλάττονα
1090 2304 1161 2384 μεί-

147 2410 223 2487 ζονοι
246 2411 347 2492 λόχον
371 2409 450 2492 ἔχει,
474 2406 580 2472 ἐκεῖνο
605 2409 740 2472 ἔλαττόν
764 2407 863 2472 ἐστιν.

93 2527 127 2577 20
213 2518 294 2581 ἔστω
319 2516 380 2580 δύο
399 2516 545 2601 τρίχωμα
563 2515 602 2578 τὰ
620 2517 729 2598 ΑΒΓ,
749 2518 851 2578 ΔΕΖ
876 2519 948 2590 ἴσοις
966 2516 1083 2597 ἔχοντα
1102 2515 1162 2591 τὰς
1289 2594 1294 2600 ,

146 2625 220 2705 ΒΓ,
235 2625 299 2686 ΕΖ
317 2621 439 2705 βάσεις,
463 2613 511 2685 ὧν
530 2617 665 2706 ἑκατέρα
683 2621 855 2704 τετμήσθω
876 2621 953 2704 θίχα
970 2621 1052 2686 κατὰ
1071 2621 1112 2684 τὰ
1125 2625 1167 2685 Η

30 2780 33 2784 .
146 2725 201 2792 καὶ
232 2732 260 2792 Θ
292 2739 423 2812 σῃμεϊοι,
454 2725 510 2792 καὶ
543 2726 783 2810 ἐπιζευχθεῖσαι
815 2728 853 2792 αἱ
879 2731 966 2810 ΑΗ,
988 2731 1058 2791 ΔΘ
1091 2733 1161 2793 ἴσαι

146 2836 308 2905 ἔστωσοιο·Ι
329 2837 410 2897 ἔστω
430 2830 467 2897 δὲ
485 2833 505 2917 ή
524 2830 585 2917 μὲν
602 2838 670 2898 ΕΔ
688 2842 745 2917 τῆς
763 2839 796 2897 Λ
803 2837 830 2898 Ζ
849 2837 977 2918 μείζων,
1000 2833 1020 2918 ή
1040 2829 1077 2897 δὲ
1092 2838 1162 2898 ΒΑ

146 2947 204 3022 τής
222 2941 292 3002 ΑΓ
310 2940 353 3022 μή
377 2939 531 3024 ἐλάττων,
555 2939 638 3004 ὥστε
660 2941 721 3024 τήν
744 2945 810 3004 ΕΔ
832 2941 915 3026 πρὸς
935 2944 1002 3004 ΛΖ
1025 2943 1161 3025 μείζονα

218 3209 242 3258 2.
267 3202 336 3274 ΕΒ]
360 3217 411 3270 ομ,
439 3203 469 3256 et
487 3202 520 3271 V,
547 3203 597 3256 sed
620 3202 674 3272 iba,
702 3205 735 3257 ut
759 3208 780 3257 Β
804 3203 958 3258 littoraeA
982 3203 1083 3257 similis
1107 3203 1158 3272 sit3

147 3279 197 3330 EA
217 3291 242 3329 v.
316 3279 341 3327 ὅ.
360 3271 427 3344 ἄρα]
447 3289 500 3328 om.
520 3290 543 3329 ο.
618 3279 640 3328 7.
659 3276 721 3346 τοῦ]
741 3292 815 3344 vop,
841 3291 909 3330 corr.
930 3291 963 3328 ex
980 3273 1012 3329 τό
1031 3274 1157 3328 m.lV.

181 3347 251 3418 ΔΖ]
280 3349 331 3400 ΖΔ
348 3362 375 3414 p.
468 3350 509 3399 10.
534 3341 673 3416 μέγιστον]
698 3362 751 3416 om.
770 3346 853 3416 ch,
880 3363 948 3400 corr.
967 3345 1071 3416 Halley
1094 3362 1159 3399 cum

147 3417 250 3472 Comm.
334 3412 401 3486 ἕστιΊ
421 3431 474 3470 om.
494 3433 517 3470 ο.
609 3421 650 3470 16.
671 3414 816 3489 ἐλάττονα]
837 3416 972 3472 ἐλάσσονα
990 3435 1017 3486 p.
1097 3415 1144 3488 ἔχῃ

146 3504 208 3540 corr
227 3504 261 3542 ex
281 3487 336 3558 ἔχει
353 3505 389 3540 m.
406 3491 419 3539 1
441 3501 463 3554 ο,
485 3485 540 3557 ἔχει
557 3505 583 3542 v.
644 3491 685 3541 17.
706 3486 762 3559 ἴση]
781 3488 799 3557 ή
819 3486 863 3558 ἴση
883 3506 906 3544 ο.
970 3493 1011 3542 18.
1031 3485 1145 3557 μείζονα

146 3574 200 3612 om.
215 3575 238 3612 ο.
294 3564 336 3612 21.
355 3555 500 3624 τετμήσθω
516 3559 593 3628 δίχα]
614 3554 678 3627 δίχα
694 3557 840 3627 τετμήσθω
858 3579 886 3629 p.
940 3557 987 3630 τά]
1005 3577 1032 3628 p,
1052 3558 1083 3613 τό
1102 3558 1157 3613 Vc.
