2604 3880
444 201 494 250 nn
514 201 691 253 snorroun
711 203 805 256 cour.
1064 202 1130 266 255

185 339 311 405 Rursus
343 341 379 404 in
409 343 520 407 eadem
550 345 657 429 figura
687 350 890 429 supponatur
917 351 986 411 ΔΕ
1000 378 1040 400 ==
1057 351 1130 433 ΓΔ,

116 449 180 512 ΤΖ
195 478 238 500 =
254 451 326 511 ZH
350 471 426 512 arou
449 453 554 514 ΒΑΓ
576 450 612 514 in
634 457 667 515 A
689 451 724 515 in
748 452 827 516 duas
849 457 958 536 partes
982 454 1130 538 aequales

119 558 215 619 secto
254 554 334 640 dico,
357 554 514 620 oiroulum
538 561 648 622 oantro
667 563 709 643 A,
731 559 822 622 radio
846 563 955 624 autem
973 560 1130 625 alterutra

117 659 223 745 [Euol.
242 658 306 746 ΙΙΙ,
325 661 384 746 29]
416 667 578 728 rectarum
605 668 671 728 AB
677 717 686 750 ,
709 670 742 728 A
748 669 780 729 Γ
807 666 1003 750 descriptum
1031 667 1129 732 etiam

115 789 174 852 per
196 771 318 850 puncta
340 773 385 853 E,
407 772 448 833 H
466 769 585 834 uenire.

184 873 337 958 quoniam
374 875 460 939 enim
497 879 643 951 [ΒΑΓ
657 908 698 930 --
718 882 827 942 ΗΖΓ
856 878 961 963 [Euol.
984 877 1047 963 ΠΙ,
1071 882 1127 960 21;

114 979 141 1065 Ι,
164 981 235 1066 13],
257 985 290 1045 et
312 981 469 1068 trianguli
487 985 601 1068 ΕΑΓ,
620 987 728 1047 ΗΖΓ
746 985 939 1068 aequicrurii
957 990 1042 1071 sunt,
1066 986 1127 1051 erit

115 1088 216 1152 etiam
240 1087 347 1172 [Euol.
366 1086 390 1171 I,
410 1090 467 1167 323
490 1086 515 1174 Ι,
534 1088 568 1172 5]
594 1093 783 1164 LBEF=
797 1095 916 1171 ΒΗΓ;
938 1092 1049 1177 itaque
1074 1115 1127 1157 an-

115 1195 185 1280 guli
204 1197 310 1280 ΒΕΓ,
324 1198 432 1260 ΒΗΓ
444 1195 479 1259 in
499 1195 611 1259 eodem
630 1195 750 1260 oiroulo
770 1201 846 1261 sunt
865 1197 970 1282 [Euol.
985 1197 1044 1283 111,
1059 1199 1126 1282 21].

114 1323 193 1386 ergo
222 1301 360 1366 circulus
389 1305 499 1366 centro
527 1307 573 1386 A,
600 1302 690 1366 radio
720 1307 828 1367 autem
856 1309 922 1368 AB
946 1305 1126 1390 descriptus

114 1407 215 1472 etiam
248 1431 306 1493 per
339 1412 460 1492 puncta
489 1413 532 1492 Ε,
554 1412 594 1472 H
619 1409 743 1494 ueniet3
778 1412 864 1493 quod
894 1417 963 1476 erat
995 1413 1126 1494 demon-

113 1515 291 1578 strandum.

575 1673 659 1742 LJJJ.

182 1797 274 1862 siin
297 1803 464 1884 segmento
489 1799 601 1863 oirouli
623 1804 730 1864 reatae
754 1800 962 1886 franguntur,
985 1801 1126 1866 maxima

112 1904 188 1987 erit,
226 1926 306 1988 quae
344 1905 384 1968 ad
419 1910 577 1990 punctum
614 1905 755 1971 medium
791 1907 984 1971 fractionem
1018 1908 1125 1994 habet,

112 2015 292 2076 ceterarum
316 2015 424 2075 autem
448 2034 575 2096 sempor
592 2013 726 2097 propior
749 2013 787 2098 ei,
811 2035 891 2097 quae
911 2015 951 2078 ad
969 2019 1125 2098 punctum

112 2117 257 2182 medium
279 2122 343 2204 est,
365 2119 539 2184 remotiore
562 2119 666 2184 maior
690 2125 748 2185 est.

178 2247 254 2291 nam
280 2225 315 2288 in
343 2231 511 2312 segmento
537 2231 643 2290 ΑΒΓ
660 2227 854 2313 frangantur
876 2232 997 2312 rectae,
1025 2232 1130 2292 ΑΒΓ

109 2332 173 2416 ita,
204 2336 252 2417 ut
274 2355 367 2397 araus
399 2336 505 2397 ΑΒΓ
530 2333 565 2396 in
597 2337 626 2396 B
658 2335 693 2397 in
725 2335 804 2397 duas
835 2338 945 2416 partes
974 2334 1123 2416 aequales

110 2443 252 2522 secetur,
289 2439 370 2502 aliae
406 2443 514 2503 autem
544 2439 707 2522 quaelibet
737 2441 855 2520 ΑΛΓ,
878 2421 990 2501 ΑΗΓ.
1044 2438 1124 2524 dieo,

112 2547 180 2608 AB
198 2547 236 2620 -Ι-
254 2547 321 2606 ΒΓ
343 2548 465 2608 rectam
493 2544 667 2608 maximam
694 2566 763 2608 esse
788 2543 931 2607 omnium
954 2548 1125 2628 rectarum,

110 2671 195 2734 quae
219 2647 253 2710 in
277 2653 446 2733 segmento
470 2650 676 2735 frangantur,
699 2654 732 2713 et

370 2759 402 2817 A
408 2760 440 2818 A
457 2759 495 2834 -Ι-
512 2758 583 2819 ΑΓ
597 2767 630 2828 >
645 2761 678 2819 A
683 2759 722 2819 H
733 2759 772 2836 -l-
789 2759 865 2820 ΗΓ.

178 2860 330 2944 quoniam
376 2883 468 2924 arous
515 2865 580 2925 AB
601 2893 641 2912 =
663 2865 738 2946 ΒΓ,
785 2861 847 2926 erit
893 2861 992 2926 etiam
1033 2867 1121 2928 reeta

108 2971 177 3033 AB
198 2998 238 3018 =
259 2969 326 3031 ΒΓ
352 2966 456 3051 [Euol.
475 2964 538 3052 ΠΙ,
556 2967 623 3052 29].
679 2973 789 3032 centro
821 2968 924 3054 igitur
957 2973 999 3054 Β,
1030 2970 1120 3034 radio

146 3201 187 3250 17.
207 3196 363 3268 ἀπώτερον]
382 3215 409 3266 p,
429 3195 568 3264 ἀπότερον
586 3197 639 3250 Vo.
714 3203 757 3252 21.
777 3198 889 3269 εὐθεῖα]
909 3214 962 3252 om.
981 3215 1007 3266 p.
1065 3215 1120 3250 πα-

111 3269 182 3338 σῶν]
207 3267 263 3322 des.
289 3284 304 3320 o
326 3267 474 3322 uocabulis
497 3267 640 3322 nonnullis
663 3267 766 3322 laouna
789 3268 946 3338 absumptis
970 3267 1069 3338 (etiam
1090 3268 1120 3322 in

4 3355 5 3360 ¹
109 3338 234 3406 proxime
252 3338 486 3408 praecedentibus
505 3339 624 3394 lacunae
644 3355 705 3392 oom
725 3339 819 3410 lures).
901 3347 942 3394 24.
963 3339 1039 3411 ἐπεί]
1059 3339 1120 3393 ἐπεὶ

110 3407 163 3478 γάρ
182 3428 208 3478 p.
282 3411 351 3481 ΒΓ]
369 3428 402 3535 p,
422 3415 478 3464 ΑΓ
492 3411 525 3466 V.
598 3415 640 3464 25.
661 3357 733 3482 tovi]
752 3429 806 3480 vp3
830 3428 910 3465 euan.
930 3411 963 3478 V,
987 3427 1044 3480 rep.
1063 3429 1119 3480 mg.

110 3497 146 3534 m.
166 3497 219 3535 reo.
282 3481 356 3536 ἐστιν
383 3480 432 3553 ’ση]
453 3481 497 3552 ἴση
517 3481 578 3536 ἐστί
591 3500 617 3551 p.
674 3481 731 3554 laq]
749 3501 775 3550 v,
796 3500 864 3537 oorr.
879 3499 913 3536 ex
931 3481 984 3550 ἤση
1003 3500 1040 3536 m.
1057 3489 1070 3534 1
1086 3481 1118 3536 V.

147 3549 263 3627 κέντρῳ]
281 3571 336 3623 vp,
356 3572 424 3626 -rpqa
443 3553 546 3608 laouna
565 3554 745 3623 absumptum
763 3554 796 3608 V.
