2574 3882
167 182 211 246 25
439 184 526 234 nam
544 182 757 234 mmAPOT
774 183 911 236 Τουιιε,

168 326 230 390 οὐκ
257 328 322 411 ἄρα
349 324 441 390 ἐστίν
466 325 487 408 ἡ
516 330 596 390 ΛΜ
618 325 654 389 έν
683 335 729 413 τῳ
756 329 896 390 ΖΕΗΘ
921 324 1073 413 ἐπιπέδῳ.
1124 323 1183 390 καί

169 431 219 496 ἐπ’
245 433 346 516 αὐτῆς
367 434 405 497 τὸ
428 436 472 496 Κ·
509 429 588 496 οὐδέ
610 433 647 496 τὸ
667 435 702 495 Κ
716 433 781 516 ἄρα
804 429 893 496 ἐστὶν
917 431 954 496 έν
976 441 1021 520 τῳ
1042 436 1182 497 ΖΕΗΘ

169 536 320 627 ἐπιπέδῳ.
358 537 426 604 ἐπεί
448 535 486 603 δὲ
508 537 528 620 ἡ
553 541 619 602 ΓΔ
642 537 732 602 ἐστιν
755 537 791 602 ἐν
813 547 859 626 τῳ
881 542 986 602 ΖΕΗ
989 543 1018 602 Θ
1036 537 1178 627 ἐπιπέδῳ

168 643 223 710 καὶ
251 643 301 710 ἐπ’
331 645 432 729 αὐτῆς
458 646 495 709 τὸ
519 647 565 726 K,
591 645 629 708 τὸ
656 647 692 708 K
711 646 774 729 ἄρα
797 644 834 709 έν
856 655 902 732 τῳ
926 649 1065 710 ΖΕΗΘ
1088 645 1180 710 ἐστιν

133 768 149 817 5
168 749 318 840 ἐπιπέδῳ.
358 750 413 816 καὶ
437 754 527 816 ἐστιν
550 751 616 836 ἄρα
637 749 693 815 καὶ
715 751 776 816 οὐκ
799 754 889 816 ἐστιν
912 751 948 816 έν
971 761 1016 840 τῳ
1035 751 1178 840 ἐπιπέδῳ

168 859 205 923 τὸ
233 862 276 922 Κ·
313 859 392 944 ὅπερ
420 857 596 923 ἀδύνατον.
642 859 703 924 οὐκ
729 860 793 943 ἄρα
821 857 874 922 ἐπὶ
901 868 959 942 τῆς
986 858 1180 942 ἐπιφανείας

168 963 258 1031 ἐστίν
279 965 300 1050 ἡ
325 969 398 1031 ΓΔ.

232 1073 316 1138 ἄλλᾶ
339 1074 380 1156 δὴ
404 1075 485 1137 έστω
510 1071 616 1155 ἐκτός,
640 1070 695 1136 καὶ
718 1069 906 1155 ληφθέντος
928 1075 1064 1155 σημείου
1087 1074 1180 1148 τινὸς

166 1177 219 1244 ἐπὶ
241 1190 299 1263 τῆς
317 1183 391 1243 ΕΗ
408 1181 619 1264 περιφερείας
640 1186 700 1242 τοῦ
720 1181 751 1241 Λ
770 1177 953 1261 ἐπεζεύχθω
976 1177 1093 1260 MA.
1126 1178 1178 1244 ἐκ·

114 1303 147 1350 10
165 1289 327 1369 βληθεῖσα
355 1286 396 1368 δὴ
425 1283 477 1368 ἐφ’
504 1283 639 1370 ἕκᾶτερα
666 1284 686 1367 ἡ
709 1287 777 1348 ΚΛ
800 1282 977 1369 οὐδετέραν
999 1297 1090 1368 τεμεῖ
1110 1297 1178 1350 τῶν

165 1395 240 1455 ΕΗ
239 1443 248 1475 ,
264 1395 327 1454 ΖΘ
345 1391 500 1455 εὐθειῶν·
524 1392 606 1455 ὥστε
624 1390 685 1454 οὐκ
704 1394 793 1455 ἐσται
809 1389 829 1473 ἡ
844 1393 912 1454 ΚΛ
926 1390 962 1455 ἐν
976 1400 1021 1478 τῳ
1039 1395 1145 1456 ΖΕΗ
1149 1397 1178 1456 Θ

166 1495 322 1584 ἐπιπέδῳ·
345 1495 399 1561 καὶ
423 1498 462 1560 τᾶ
486 1499 584 1561 λοιπὰ
607 1497 701 1580 δῆλα.

648 1725 696 1792 θ’.

228 1850 304 1916 Ἐἄν
326 1852 504 1936 κύλινδρος
527 1850 667 1939 ἐπιπέδῳ
691 1859 801 1937 τμηθῇ
824 1855 904 1936 μήτε
924 1853 1013 1939 παρὰ
1035 1853 1094 1928 τᾶς
1116 1852 1175 1936 βᾶ-

112 1977 145 2025 15
164 1976 232 2036 σεις
249 1961 329 2043 μήτε
346 1958 552 2034 ὑπεναντίως
569 1959 649 2042 μήτε
667 1959 724 2022 διᾶ
742 1967 801 2022 τοῦ
820 1956 937 2035 ἄξονος
955 1960 1035 2042 μήτε
1050 1965 1175 2045 παραλε

164 2069 251 2154 λη’λῳ
279 2075 325 2154 τῳ
353 2066 409 2130 διὰ
436 2074 496 2130 τοῦ
523 2063 640 2142 ἄξονος
667 2062 824 2152 ἐπιπέδῳ,
850 2063 871 2146 ἡ
894 2067 976 2149 τομὴ
1000 2065 1061 2130 οὐκ
1084 2069 1175 2130 ἐσται

163 2174 284 2248 κύκλος
307 2168 385 2236 οὐδὲ
407 2171 655 2258 εὐθύγραμμον.

230 2281 312 2344 ἐστω
340 2277 531 2364 κύλινδρος,
564 2273 604 2342 οὗ
631 2277 743 2361 βάσεις
771 2279 806 2342 οί
831 2283 877 2359 Α,
902 2282 930 2342 Β
957 2276 1087 2362 κύκλοι,
1119 2277 1175 2343 καὶ

163 2386 336 2468 τετμήσθω
360 2382 501 2472 ἐπιπέδῳ
525 2386 605 2469 μήτε
621 2385 710 2470 παρὰ
728 2385 787 2460 τὰς
804 2385 917 2467 βᾶσεις
935 2387 1014 2469 μήτε
1032 2385 1175 2450 ὑπεναν-

111 2509 145 2558 20
163 2496 242 2569 τίως
263 2493 342 2576 μήτε
365 2492 421 2556 διὰ
444 2500 504 2556 τοῦ
527 2489 644 2568 ἄξονος
665 2492 745 2574 μήτε
766 2492 983 2576 παραλληλως
1004 2501 1049 2580 τῳ
1072 2490 1176 2570 ἄξονι.

163 2602 200 2666 τὸ
224 2601 264 2684 δὴ
288 2598 408 2684 τέμνον
431 2598 587 2664 ἐπίπεδον
608 2599 681 2680 ἤτοι
704 2595 759 2661 καὶ
782 2599 840 2674 τᾶς
857 2597 970 2680 βᾶσεις
987 2596 1095 2682 τέμνει
1114 2598 1175 2683 ἄμ-

164 2706 306 2793 φοτέρας
332 2705 352 2789 ἢ
376 2708 437 2790 τὴν
460 2704 574 2791 ἑτέραν
596 2703 616 2787 ἢ
640 2702 827 2790 οὐδετέραν.
868 2715 1001 2788 πρῶτον
1028 2705 1069 2788 δὴ
1092 2707 1176 2790 μηδ-

164 2812 279 2899 ετέραν
301 2811 441 2896 τεμνέτω
465 2809 520 2876 καὶ
542 2814 674 2876 ποιείτω
698 2812 852 2896 γραμμὴν
879 2809 915 2875 έν
937 2821 977 2896 τῇ
1001 2811 1177 2901 ἐπιφανείᾳ

163 2927 224 2983 τοῦ
251 2919 432 3003 κυλίνδρου
460 2919 521 3001 τὴν
550 2921 657 2981 ΓΕΔ.
707 2914 805 3000 λέγω,
838 2917 888 2982 ὅτι
915 2916 935 3000 ἡ
966 2921 1064 2983 ΓΕΔ
1090 2921 1174 3004 τομὴ

111 3042 144 3091 25
165 3025 241 3090 οὐτε
263 3023 383 3100 κύκλος
405 3021 495 3088 ἐστίν
518 3025 594 3088 οὐτε
616 3022 863 3110 εὐθύγραμμον.

236 3261 259 3310 1.
279 3253 343 3324 καί]
362 3251 396 3320 V,
415 3253 467 3305 καί
483 3251 556 3307 ἐστιν
575 3268 621 3320 cp.
695 3257 718 3306 2.
740 3253 1033 3324 ΖΕΗΘ]Εοοοτε.
1053 3271 1079 3322 p.
1147 3259 1173 3309 3.

164 3325 224 3382 ἐπεί
244 3357 276 3368 -·
297 3329 321 3378 5.
341 3320 475 3396 ἐπιπέδῳ]
494 3339 547 3378 om.
567 3341 593 3392 p.
684 3328 708 3377 5.
732 3324 780 3396 τῷ]
799 3329 837 3396 τῷ
856 3324 930 3396 αὐτῷ
948 3341 975 3392 p.
1067 3330 1091 3379 9.
1109 3327 1172 3397 τοῦ]

162 3399 238 3460 τινὸς
255 3404 305 3451 τοῦ
324 3413 350 3464 p.
443 3403 484 3450 10.
508 3395 579 3466 ΚΛ]
601 3398 661 3448 ΛΚ
677 3411 699 3448 ο.
791 3401 832 3449 14.
856 3396 967 3466 τμηθῇ]
987 3394 1090 3464 Halley
1109 3412 1174 3450 cum

164 3471 277 3536 comm„
296 3469 413 3536 τμηθεῑς
431 3465 507 3534 ch.
588 3471 630 3519 20.
650 3464 731 3530 ἄξονι
749 3497 784 3505 -
802 3471 844 3520 21.
866 3465 1012 3537 ἐπίπεδον]
1032 3465 1134 3521 iuras,
1154 3485 1173 3536 p

165 3555 221 3608 seq.
241 3555 338 3592 rasura
356 3554 467 3607 magna.
