2604 3880
140 201 204 265 212
454 202 541 252 nm
558 199 687 254 Κοαον
705 202 841 254 ΤοΜΗΣ.

139 349 286 432 τρίγωνα
313 343 448 429 [ὅμοια].
494 345 539 421 ὡς
566 345 630 430 ἄρα
657 343 677 428 ἡ
700 349 770 408 ΔΑ
792 345 875 430 πρὸς
897 347 975 427 ΑΓ,
1004 343 1152 426 οότωςὴ

142 457 213 517 ΗΑ
241 453 324 538 πρὸς
350 455 428 516 ΑΒ·
457 449 513 515 καὶ
540 449 749 538 περιέχουσιν
778 457 852 526 ὀσας
873 454 1008 533 γωνίας·
1037 452 1153 534 ὅμοιον

141 559 206 644 ἄρα
228 560 265 623 τὸ
284 559 396 623 ΔΑΓ
410 560 574 644 τρίγωνον
593 559 638 646 τῷ
657 562 763 622 ΗΑΒ
783 558 933 645 τριγώνῳ
954 557 1153 642 ἐπιζευχθεί·

142 683 201 748 σης
223 674 281 748 τῆς
304 667 381 729 ΒΗ.
427 664 447 747 ἡ
472 665 536 750 ἄρα
557 664 623 729 ὑπὸ
646 667 751 729 ΑΓΔ
773 667 878 747 γωνία
901 675 940 750 τῇ
963 665 1029 729 ὑπὸ
1048 667 1156 728 ΑΒΗ

107 777 197 855 wop
222 771 319 836 ἐστίν.

209 877 278 943 ἐπεὶ
305 873 368 944 οὖν
394 877 415 960 ἡ
443 884 476 941 Δ
483 882 510 941 Ζ
533 886 590 961 τῆς
614 880 675 941 ΓΒ
704 877 765 942 οόιι
789 877 878 942 ἐστιν
901 876 1059 961 ἐλάττων,
1081 879 1155 960 ἦτοι

143 991 198 1068 ἴση
222 981 311 1050 ἐστὶν
334 983 355 1067 ἢ
379 987 506 1068 μείζων.

209 1095 291 1157 ἔσται
318 1094 482 1177 πρότερον
510 1096 577 1173 ἴση·
606 1089 817 1176 ὀρθογώνιον
845 1093 908 1178 ἄρα
936 1089 1005 1156 ἐστὶ
1030 1097 1155 1177 παραλ-

142 1202 375 1284 ληλόγραμμον
405 1199 442 1262 τὸ
472 1200 541 1262 ΓΖ.
592 1198 612 1280 ἡ
650 1199 714 1282 ὀρα
750 1197 815 1262 ὑπὸ
843 1203 877 1262 Δ
883 1200 944 1262 ΓΒ
976 1199 1056 1282 μετὰ
1088 1209 1155 1262 τῶν

90 1315 124 1364 10
142 1305 206 1370 ὑπὸ
245 1307 359 1387 ΓΒΑ,
392 1309 493 1369 ΑΒΖ
531 1301 629 1368 δυσὶν
662 1303 782 1386 ὀρθαῖς
814 1310 882 1369 ἴσαι
918 1307 1012 1386 εἰσίν,
1071 1304 1155 1369 ἀλλὰ

142 1420 199 1494 τῆς
231 1411 296 1475 ὑπὸ
325 1413 441 1494 ΓΑΒ,
470 1409 619 1475 τουτέστι
647 1419 706 1494 τῆς
732 1410 797 1475 ὑπὸ
826 1415 941 1493 ΔΒΖ,
968 1411 1009 1475 οὐ
1038 1413 1157 1495 μείζων

143 1515 233 1581 ἐστὶν
269 1517 289 1600 ἡ
325 1516 390 1581 ὑπὸ
428 1519 541 1580 ΑΓΒ·
580 1515 600 1599 ἡ
638 1518 705 1600 ἄρα
735 1516 800 1582 ὑπὸ
839 1520 940 1582 ΒΓΔ
975 1518 1056 1602 μετὰ
1089 1528 1157 1582 τῶν

142 1623 207 1687 ὑπὸ
245 1625 359 1706 ΓΒΑ,
396 1626 498 1687 ΑΓΒ
536 1622 576 1687 οὐ
618 1622 763 1707 μείζονές
800 1625 863 1688 εἰσι
900 1624 995 1689 ὀυεῖν
1030 1623 1157 1710 ὀρθῶν,

143 1730 161 1793 ὀ
189 1729 280 1794 ἐστιν
307 1731 344 1794 αἱ
368 1730 433 1795 ὑπὸ
462 1733 578 1814 ΑΓΛ,
610 1733 709 1795 ΓΒΔ
736 1730 777 1796 οὐ
805 1729 950 1815 μείζονές
976 1733 1039 1796 εἰσι
1063 1732 1157 1795 δυεῖν

92 1848 124 1896 1ο
144 1836 268 1920 ὀρθῶν.
314 1836 397 1902 ἀλλὰ
424 1846 463 1922 τῇ
491 1836 556 1902 ὑπὸ
581 1840 684 1902 ΑΓΔ
713 1843 766 1920 ἴση
791 1835 881 1902 ἐστὶν
903 1837 923 1921 ἡ
946 1836 1011 1902 ὑπὸ
1035 1841 1156 1902 ΑΒΗ·

144 1944 181 2006 αἱ
215 1944 279 2027 ἄρα
315 1943 379 2008 ὑπὸ
417 1947 538 2026 ΑΒΗ,
572 1947 673 2008 ΓΒΑ
709 1944 750 2008 οὐ
786 1942 930 2028 μείζονές
965 1946 1029 2009 εἰσι
1063 1944 1159 2008 ὀυεϊν

144 2047 268 2132 ὀρθῶν.
314 2053 526 2135 προσκείσθω
554 2048 575 2131 ἡ
602 2049 667 2114 ὑπὸ
691 2053 797 2114 ΑΒΓ
815 2035 914 2137 ὀρθὴ·
944 2052 981 2115 αἱ
1005 2051 1070 2136 ἄρα
1092 2051 1157 2116 ὑπὸ

144 2158 265 2237 ΑΒΗ,
289 2159 394 2219 ΑΒΔ
423 2155 463 2219 οὐ
490 2153 635 2240 μείζονές
662 2157 726 2221 εἰσι
753 2169 856 2242 τριῶν
883 2158 1008 2244 ὀρθῶν.
1060 2160 1157 2242 λοιπὴ

144 2262 209 2347 ἄρα
239 2262 287 2336 εἰς
320 2260 480 2346 τέσσαρας
509 2261 616 2347 ὀρθῶς
642 2261 663 2345 ἡ
690 2262 756 2328 ὑπὸ
783 2268 850 2328 ΑΒ
857 2269 896 2329 Η
920 2264 981 2329 οὐκ
1011 2264 1159 2330 ἐλάσσον

92 2381 127 2429 20
147 2367 214 2433 ἐστὶ
242 2377 318 2453 μιᾶς
346 2368 465 2453 ὀρθῶς·
494 2372 612 2453 μείζων
640 2369 704 2456 ἄρα
727 2369 747 2453 ἡ
770 2374 849 2434 ΔΗ
866 2380 923 2454 τῆς
947 2375 1026 2436 ΑΒ·
1050 2370 1070 2454 ἡ
1095 2372 1161 2457 ἄρα

146 2482 217 2541 ΑΔ
240 2477 323 2562 πρὸς
347 2481 425 2541 ΑΗ
444 2475 601 2541 ἐλάττονα
625 2479 726 2559 λόγον
749 2479 814 2561 ἔχει
836 2478 918 2563 ἤπερ
941 2475 961 2560 ἡ
985 2483 1055 2542 ΑΛ
1077 2479 1161 2563 πρὸς

146 2587 222 2648 ΔΒ.
268 2581 341 2647 ἀλλ’
372 2583 417 2660 ὡς
443 2580 462 2666 ἡ
492 2589 563 2648 ΑΔ
590 2585 673 2668 πρὸς
701 2587 787 2666 ΔΗ,
816 2583 921 2661 οὕτως
946 2581 965 2667 ἡ
990 2587 1061 2648 ΑΓ
1078 2586 1161 2668 πρὸς

147 2695 221 2756 ΓΒ·
251 2689 307 2756 καὶ
336 2688 355 2772 ἡ
388 2691 452 2775 ὀρα
482 2693 553 2754 ΑΓ
576 2691 658 2776 πρὸς
690 2693 751 2754 ΓΒ
782 2689 939 2755 ἐλάττονα
966 2693 1067 2774 λόγον
1095 2693 1160 2774 ἔχει

146 2799 229 2883 ἥπερ
252 2795 272 2879 ἡ
298 2802 368 2860 ΑΛ
392 2798 475 2882 πρὸς
498 2801 575 2861 ΑΒ.

93 2913 128 2962 25
214 2903 297 2967 ἀλλὰ
321 2904 362 2986 δὴ
387 2905 469 2968 ἔστω
492 2901 511 2986 ἡ
533 2908 600 2968 ΑΖ
623 2912 681 2987 τῆς
700 2906 761 2968 ΓΒ
784 2906 914 2987 μείζων·
938 2903 1077 2988 ἀμβλεῖα
1097 2906 1161 2990 ἄρα

147 3008 251 3093 ἡὺτιό
270 3014 303 3074 Δ
310 3012 379 3074 ΓΒ.
420 3010 516 3093 ἤχθω
540 3020 578 3095 τῇ
603 3013 668 3074 ΓΑ
689 3010 899 3096 παράλληλος
921 3008 940 3093 ἡ
965 3015 1039 3075 ΒΘ.
1079 3012 1162 3075 κατὰ

147 3118 187 3182 τὰ
214 3116 298 3180 αὐτὰ
326 3116 383 3199 δή,
411 3113 480 3180 ἐπεὶ
509 3113 528 3198 ἡ
557 3117 623 3182 ὑπὸ
646 3119 746 3181 ΑΓΒ
769 3118 850 3202 μετὰ
872 3128 940 3182 τῶν
961 3117 1026 3183 ὑπὸ
1051 3121 1162 3202 ΓΒΔ,

147 3228 250 3289 ΑΒΘ
282 3219 381 3288 δυσὶν
413 3222 533 3308 ὀρθαῖς
565 3229 632 3288 ι’σαι
662 3225 761 3307 εἰσίν,
797 3233 855 3308 τῆς
887 3221 924 3288 δὲ
953 3223 1018 3290 ὑπὸ
1048 3229 1161 3309 ΑΒΘ,

221 3422 245 3469 1.
269 3414 369 3487 ὅμοια]
395 3414 488 3484 deleo,
517 3415 565 3470 καὶ
589 3414 672 3484 ὅμοια
695 3433 721 3485 p.
814 3416 886 3488 ἄρα]
910 3434 984 3486 vop,
1014 3417 1104 3486 suppl.
1126 3437 1161 3472 m.

148 3503 203 3540 rec.
222 3486 255 3539 V.
327 3487 345 3556 ἡ
366 3490 420 3540 ΗΑ
440 3518 473 3526 -
494 3493 517 3541 2.
537 3487 598 3558 AB]
617 3504 693 3555 νιος
716 3503 795 3542 οοοιι.
816 3488 849 3556 V,
869 3490 955 3557 repet.
977 3505 1032 3558 mg.
1052 3507 1088 3542 m.
1107 3506 1161 3544 rec.

186 3561 209 3610 3.
230 3557 323 3628 ΗΑΒ]
344 3561 426 3610 ΒΗΑ
444 3575 471 3626 p.
544 3562 569 3612 4.
588 3559 688 3629 ΑΒΗ]
707 3575 741 3628 p,
760 3563 843 3612 ΑΗΒ
861 3558 942 3628 ch,
963 3575 1029 3613 corr.
1045 3576 1080 3613 m.
1097 3565 1112 3612 2
1127 3559 1162 3615 V.

1288 541 1290 630 ι
