2604 3880
160 204 227 268 252
471 207 560 258 ΠΕΡΙ
577 206 706 259 mor
724 208 859 260 ΤΟΜΗΣ.

630 367 695 452 νβ’.

226 487 302 554 Ἐὰν
331 492 451 568 κύκλος
473 494 596 558 κύκλον
619 493 720 578 τέμνη
743 493 799 557 διὰ
821 501 882 557 τοῦ
904 490 1043 574 κέντρου
1066 491 1176 556 αὐτοῦ

163 598 381 682 γραφόμενος,
401 598 464 663 ἀπὸ
484 596 520 663 δὲ
538 607 596 682 τῆς
614 597 725 684 ἑτέρας
744 599 854 664 αὐτῶν
870 608 970 683 τομῆς
984 600 1175 683 διαχθῶσιν

163 702 292 767 εὐθεῖαι
323 703 501 788 τέμνουσαι
533 708 594 789 τὴν
622 707 678 771 διὰ
705 715 765 770 τοῦ
791 705 930 790 κε’ντρου
958 703 1174 791 περιφέρειαν

128 808 218 879 ὁκαὶ
240 815 536 896 προσεκβληθῶσιν
560 810 613 877 ἐπὶ
635 815 696 897 τῆν
718 822 779 877 τοῦ
802 811 914 898 ἑτέρου
937 815 1061 877 κύκλου
1078 833 1172 898 περι-

163 915 313 1001 φέρειαν,
345 919 366 1002 ῆ
398 918 693 1003 ἀπολαμβανομένη
726 919 841 984 εὐθεῖα
872 918 991 1004 μεταξὺ
1023 927 1081 1002 τῆς
1109 927 1173 983 τοῦ

163 1020 275 1106 ἑτέρου
297 1026 422 1090 κύκλου
444 1034 567 1110 κυρτῆς
588 1029 798 1112 περιφερείας
819 1023 874 1090 καὶ
897 1035 954 1109 τῆς
976 1029 1088 1108 κοίλης
1109 1033 1173 1089 τοῦ

162 1127 276 1216 ἑτέρου
305 1137 358 1214 ἴση
386 1134 476 1196 ἔσται
502 1143 542 1217 τῆ
570 1132 633 1197 ἀπὸ
661 1141 719 1216 τῆς
741 1142 854 1216 κοινῆς
876 1139 976 1216 τομῆς
997 1140 1056 1215 τῆς
1074 1133 1172 1214 διαχ-

162 1240 279 1320 θείσης
306 1237 440 1314 εὐθείας
466 1237 521 1303 καὶ
548 1248 605 1322 τῆς
632 1240 688 1302 διὰ
715 1247 775 1304 τοῦ
799 1238 938 1323 κέντρου
962 1242 1173 1324 περιφερείας

110 1363 145 1412 1ο
164 1341 216 1407 ἐπὶ
230 1345 291 1427 τῆν
306 1341 419 1430 ἑτέραν
433 1346 549 1429 κοινῆν
563 1347 667 1429 τομῆν
681 1356 748 1410 τῶν
762 1346 893 1410 κύκλων
908 1343 1173 1430 ἐπιζευγνυμένη.

230 1453 312 1514 ε”στω
339 1451 460 1527 κύκλος
487 1450 505 1516 ὁ
529 1454 633 1517 ΑΒΓ
655 1449 731 1537 περὶ
758 1449 896 1536 κέντρον
919 1452 956 1516 τὸ
979 1456 1026 1534 Δ,
1054 1451 1110 1514 διὰ
1134 1447 1172 1515 δὲ

163 1565 222 1620 τοῦ
246 1562 279 1620 Δ
302 1555 440 1642 κέντρου
464 1559 646 1642 γεγράφθω
670 1582 720 1635 τις
741 1559 862 1634 κύκλος
883 1557 901 1623 ὁ
920 1561 1026 1622 ΔΒΓ
1043 1555 1173 1641 τέμνων

163 1663 221 1726 τὸν
249 1660 281 1739 έξ
309 1662 410 1748 ἀρχῆς
437 1664 519 1728 κατὰ
546 1665 586 1728 τὰ
609 1669 653 1747 Β,
682 1667 715 1728 Γ
737 1676 867 1749 σημεῖα,
894 1662 950 1728 καὶ
977 1665 1174 1748 διήχθωσαν

163 1769 292 1834 εὐθεῖαι
316 1770 372 1834 διὰ
394 1767 455 1854 μὲν
477 1779 537 1836 τοῦ
556 1777 589 1836 Δ
612 1772 632 1854 ῆ
652 1776 766 1854 ΒΔΕ,
790 1780 936 1855 τυχοῦσα
959 1767 996 1835 δὲ
1014 1771 1034 1854 ῆ
1053 1773 1171 1853 ΒΖΗ,

111 1892 144 1941 15
163 1874 216 1939 καὶ
247 1875 494 1961 ἐπεζεύχθωσαν
520 1880 557 1944 αἱ
576 1881 658 1962 ΔΓ,
688 1880 757 1944 ΖΓ.
802 1876 901 1960 λέγω,
930 1877 980 1942 ὅτι
1005 1883 1058 1960 ίση
1082 1875 1172 1942 ἐστὶν

163 1979 267 2064 ἡμὲν
289 1988 357 2048 ΕΔ
379 1993 418 2067 τῆ
442 1987 518 2066 ΔΓ,
541 1983 561 2066 ῆ
586 1981 622 2048 δὲ
647 1987 776 2069 ΖΗτῆ
801 1987 870 2048 ΖΓ.

230 2087 478 2171 ἐπεζεύχθωσαν
501 2091 539 2153 αί
559 2094 635 2174 ΕΓ,
660 2094 736 2154 ΓΗ.
783 2088 851 2156 ἐπεὶ
874 2087 936 2156 οὖν
960 2096 1013 2172 ίση
1038 2087 1170 2170 ἐστὶνῆ

161 2191 227 2258 ὑπὸ
247 2198 352 2259 ΒΔΓ
370 2198 475 2277 γωνία
497 2206 537 2281 τῆ
560 2196 625 2261 ὑπὸ
644 2200 757 2280 ΒΖΓ,
780 2195 835 2263 καὶ
858 2199 955 2280 λοιπη
979 2198 1043 2282 ἄρα
1065 2195 1169 2278 ῆὺπὸ

162 2303 270 2366 ΕΔΓ
288 2306 386 2386 λοιπῆ
408 2310 448 2386 τῆ
471 2301 537 2367 ὑπὸ
556 2305 664 2367 ΗΖΓ
684 2309 737 2386 ίση
757 2303 854 2369 ἐστίν.
890 2300 1048 2368 ἀλλὰκαὶ
1066 2302 1086 2385 ῆ
1104 2301 1171 2366 ὑπὸ

110 2423 144 2472 20
162 2412 269 2474 ΔΕΓ
290 2419 329 2494 τῆ
357 2409 421 2474 ὑπὸ
447 2412 553 2474 ΖΗΓ
577 2415 630 2493 ίση
659 2410 715 2474 διὰ
742 2411 779 2475 τὸ
803 2408 855 2475 ἐπὶ
878 2419 936 2493 τῆς
959 2409 1060 2492 αὐτῆς
1079 2431 1172 2491 περι-

163 2519 297 2602 φερειάς
319 2515 506 2600 βεβηκέναι·
529 2514 584 2581 καὶ
607 2515 627 2599 ἡ
651 2517 748 2600 λοιπὴ
772 2518 836 2603 ἄρα
854 2527 897 2602 τῆ.
912 2522 1010 2601 λοιπῆ
1030 2521 1095 2598 ίση,
1117 2512 1172 2580 καὶ

163 2622 260 2706 ὅμοια
287 2624 327 2688 τοὶ
355 2627 513 2709 τρίγωνα·
544 2619 708 2700 ἰσοσκελὲς
735 2624 799 2708 ύρα
821 2621 877 2688 καὶ
899 2624 936 2688 τὸ
961 2625 1071 2688 ΓΖΗ.
1118 2627 1172 2703 ἴση

163 2730 227 2813 ίίρα
250 2731 270 2814 ῆ
293 2727 353 2814 μὲν
376 2735 439 2794 ΕΖ
462 2739 501 2814 τῆ
524 2733 600 2812 ΔΓ,
622 2728 643 2812 ἡ
667 2726 704 2794 δὲ
724 2733 792 2794 ΗΖ
815 2739 854 2814 τῆ
875 2733 945 2794 ΖΓ.
981 2728 1104 2812 ὁμοίως
1125 2727 1172 2811 δέ,

162 2834 225 2900 κᾶν
253 2837 350 2900 ἄλλαι
378 2837 557 2920 διαχθῶσι,
588 2836 797 2919 ὃειχθῆσεται
824 2835 864 2898 τὰ
891 2843 949 2919 τῆς
975 2834 1172 2918 προτάσεως.

163 2991 548 3117 ο]λίεύκονέοί.ῗωίωξθίοέέξο
560 3009 664 3132 {11ng
675 2992 709 3061 V,
719 3013 745 3118 δή
757 2991 963 3134 κύκλονῖινέύιὲἶ
982 3008 1035 3117 ξύ.
1044 3007 1173 3117 ἕιίέέῃῧθ

200 3140 241 3188 12.
261 3135 362 3259 ΔΒΓχ
376 3152 403 3203 p,
422 3134 598 3203 ABPch‚
619 3151 687 3188 corr.
701 3152 738 3188 m.
753 3139 769 3187 2
783 3134 816 3189 V.
873 3139 914 3188 14.
930 3135 1030 3204 ΒΖΗ]
1050 3137 1134 3187 ΒΗΖ
1148 3149 1171 3187 ο.

200 3211 241 3260 16.
260 3206 329 3260 Post
361 3206 559 3276 πεζεύχθωσαν
579 3205 643 3259 add.
657 3206 684 3258 ÷
697 3223 734 3259 m.
748 3221 802 3259 rec.
813 3205 846 3260 V.
920 3211 961 3260 16.
984 3205 1054 3275 ZH]
1075 3207 1132 3258 ΗΖ
1144 3221 1172 3272 p.

200 3282 241 3332 19.
261 3277 366 3348 ΗΖΓ]
385 3277 418 3346 V,
438 3280 469 3330 H
484 3293 500 3331 ο
519 3293 588 3331 corr.
608 3295 635 3346 p,
655 3292 722 3330 corr.
744 3293 779 3330 ex
799 3279 888 3329 ΖΗΓ
902 3295 938 3330 m.
959 3281 973 3329 1
994 3292 1016 3330 ο.
1077 3275 1109 3346 η]
1128 3292 1173 3328 su-

162 3365 215 3430 pra,
228 3365 280 3403 scr.
294 3366 330 3402 m.
347 3355 361 3401 1
377 3365 400 3402 ο.
459 3353 501 3402 20.
521 3346 579 3420 ίση]
598 3346 643 3416 ίση
658 3344 714 3402 ἐστί
731 3365 758 3416 p.
813 3345 856 3472 τίη
876 3347 1050 3402 sustulerunt
1064 3362 1174 3400 uermes

89 3425 95 3450 λ
162 3437 193 3472 m
211 3436 233 3474 ο.
295 3424 337 3473 21.
358 3417 414 3491 ίση]
432 3417 479 3488 ίση
499 3417 555 3472 ἐστί
572 3437 600 3488 p.
665 3423 706 3472 22.
725 3419 795 3472 Post
812 3437 933 3486 τργωνα
952 3417 1016 3472 add.
1037 3413 1175 3479 ἰσοσκελὲς

163 3487 195 3543 δὲ
217 3490 249 3544 τὸ
269 3493 319 3544 ΓΔ
325 3493 349 3543 Ε
371 3489 474 3559 Halley
497 3505 560 3542 cum
583 3489 687 3544 Comm.
729 3489 786 3558 Mg.
809 3488 824 3542 ὁ
847 3487 903 3614 γὰη
920 3493 975 3546 ΕΔ
982 3492 1009 3542 Γ
1028 3485 1173 3556 ἰσοσκελές,

164 3559 194 3612 αἱ
222 3558 253 3613 δὲ
278 3563 333 3615 ΕΔ
356 3561 404 3615 καὶ
427 3564 486 3615 ΔΓ
508 3559 566 3614 ίσαι
594 3559 625 3615 ἐκ
652 3568 701 3613 τοῦ
729 3557 846 3627 κέντρου
869 3580 884 3614 ο
904 3578 951 3614 σαι
975 3567 1024 3614 τοῦ
1050 3558 1178 3631 <Λ>ΒΓ
