2604 3880
177 220 243 282 220
488 220 576 272 ΠΕΡΙ
593 219 722 272 mor
740 221 877 272 ΤοιιΗΣ.

177 369 210 428 Α
233 363 268 428 ἐν
292 372 336 451 τῷ
361 362 454 451 ὀρθςό
482 364 565 448 πρὸς
587 363 647 427 τὸν
669 363 793 427 κύκλον
816 361 958 450 ἐπιπέδῳ
981 360 1197 448 παράλληλος
1294 411 1296 438 ,

177 471 271 553 ἡχθω
300 480 339 555 τῇ
367 472 428 534 ΓΒ
455 467 475 552 ἡ
499 473 568 534 ΑΕ
593 467 649 534 καὶ
675 478 714 554 τῇ
742 473 808 533 ΑΒ
835 467 1045 555 παράλληλος
1067 466 1087 551 ἡ
1111 474 1195 554 ΕΖ,
1295 443 1296 492 ἲ

177 575 232 641 καὶ
260 576 443 660 ἐπεζεύχθω
471 574 490 658 ἡ
517 581 598 660 ΖΑ,
625 575 662 640 ἐν
689 572 725 640 ὀὲ
753 585 797 663 τῷ
823 577 932 664 κύκλῳ
956 585 996 662 τῇ
1020 579 1085 641 ΓΛ
1107 579 1195 662 πρὸς

178 683 284 766 ὀρθὰς
306 684 466 766 ἡχθωσαν
493 684 530 746 αἱ
551 686 632 765 ΒΘ,
657 686 739 765 ΖΗ,
766 680 822 747 καὶ
849 681 1032 766 ἐπεζεύχθω
1060 680 1080 764 ἡ
1109 686 1194 748 ΒΗ.
1296 697 1297 700 ’

143 805 159 851 5
179 787 247 853 ἐπεὶ
274 786 294 871 ἡ
318 789 383 854 ὑπὸ
408 793 512 853 ΑΒΔ
535 789 595 853 οὐκ
619 787 763 853 ἐλάττων
787 787 876 854 ἐστὶν
898 786 1063 872 ἡμισείας,
1090 786 1144 852 καὶ
1169 787 1191 871 ἡ

177 895 242 960 ὑπὸ
262 900 365 960 ΒΑΕ
382 897 445 980 ἄρα
465 896 525 960 ούκ
544 893 689 960 ἐλάττων
707 893 798 960 ἐστὶν
815 893 977 980 ἡμισείας·
1001 892 1021 978 ἡ
1041 897 1105 980 ἄρα
1123 893 1192 960 ὑπὸ

177 1007 293 1086 ΕΒΑ,
321 1001 491 1067 τουτέστιν
517 999 537 1084 ἡ
565 1002 631 1067 ὑπὸ
657 1007 768 1086 ΖΕΒ,
796 1002 836 1067 ού
862 1005 980 1088 μείζων
1003 999 1093 1066 ἐστὶν
1114 998 1192 1086 ἡμι-

178 1114 279 1186 σείας·
302 1107 324 1192 ἡ
347 1111 411 1194 ὀίρα
433 1108 498 1174 ὑπὸ
519 1113 615 1174 ΖΕΒ
640 1109 679 1174 ού
703 1112 822 1193 μείζων
840 1107 909 1174 ἐστὶ
927 1118 985 1193 τὴς
1002 1109 1068 1176 ὑπὸ
1087 1113 1192 1173 ΕΑΒ.

178 1214 247 1281 ἐπεὶ
266 1211 328 1281 οὖν
347 1216 408 1280 δύο
428 1219 572 1301 τρίγωνα
591 1217 630 1280 τὰ
651 1220 761 1299 ΖΕΒ,
782 1220 880 1280 ΖΑΒ
900 1213 953 1280 ἐπὶ
971 1225 1047 1300 μιᾶς
1065 1214 1194 1298 βάσεως

127 1337 160 1385 10
179 1320 371 1404 συνέστηκε,
402 1319 457 1386 καὶ
486 1320 506 1403 ἡ
537 1321 600 1386 ἀπὸ
631 1330 691 1386 τοῦ
720 1327 753 1386 Α
782 1321 922 1398 κάθετος
953 1321 1006 1388 ἐπὶ
1035 1323 1096 1405 τὴν
1126 1325 1193 1386 ΓΛ

179 1426 333 1512 ἀγομένη,
357 1427 401 1502 ὡς
424 1425 444 1509 ἡ
463 1432 546 1510 ΑΚ,
570 1429 632 1493 ούκ
655 1427 745 1492 ἐστιν
768 1427 912 1493 ἐλάττων
934 1438 991 1512 τῆς
1011 1433 1086 1512 ΕΒ,
1109 1427 1129 1510 ἡ
1154 1425 1192 1492 δὲ

178 1534 243 1598 ὑπὸ
269 1537 363 1598 ΖΕΒ
387 1543 447 1598 τοῦ
471 1533 683 1619 ὀρθογωνίου
711 1537 816 1616 γωνία
839 1535 879 1600 ού
902 1538 1020 1618 μείζων
1043 1533 1112 1600 ἐστὶ
1134 1545 1195 1620 τῆς

178 1640 243 1704 ὑπὸ
267 1645 382 1723 ΕΑΒ,
410 1638 429 1722 ἡ
457 1641 520 1725 ὀίρα
545 1644 609 1704 ΖΕ
629 1642 713 1725 πρὸς
735 1645 798 1706 ΕΒ
823 1639 980 1706 ἐλάττονα
1003 1645 1104 1724 λόγον
1127 1645 1194 1725 ἔχει

178 1749 260 1832 ἤπερ
284 1745 304 1830 ἡ
325 1751 389 1811 ΖΑ
412 1748 495 1832 πρὸς
513 1751 579 1812 ΑΒ
602 1747 659 1812 διὰ
682 1748 719 1812 τὸ
741 1749 938 1833 τριακοστὸν
961 1749 1083 1831 ὄγδοον
1105 1750 1193 1813 θεώ-

126 1869 159 1916 15
179 1879 275 1940 ρὴμα.
321 1855 365 1930 ὡς
393 1850 429 1918 δὲ
457 1852 477 1936 ἡ
507 1858 571 1918 ΖΕ
595 1856 679 1940 πρὸς
705 1859 783 1938 ΕΒ,
811 1854 917 1932 οὕτως
941 1854 960 1938 ἡ
985 1859 1069 1938 ΒΗ,
1096 1879 1193 1920 τουτ-

178 1960 268 2026 έστιν
291 1960 311 2043 ἡ
331 1965 410 2043 ΒΘ,
432 1962 516 2045 πρὸς
536 1964 614 2024 ΖΗ·
639 1967 693 2044 ἴση
717 1961 780 2047 γὰρ
803 1960 858 2026 καὶ
881 1961 901 2044 ἡ
925 1967 988 2028 ΕΖ
1010 1971 1050 2047 τὴ
1073 1961 1109 2027 ἐκ
1132 1972 1195 2028 τοῦ

178 2066 330 2153 κέντρου·
362 2065 417 2131 καὶ
449 2065 469 2148 ἡ
502 2071 568 2131 ΒΘ
594 2069 658 2152 ὀρα
689 2069 772 2154 πρὸς
803 2072 878 2132 ΖΗ
901 2068 1058 2134 ἐλάττονα
1090 2072 1195 2151 λόγον

179 2177 244 2257 ἔχει
275 2175 357 2258 ἡπερ
388 2173 408 2255 ἡ
440 2178 505 2238 ΖΑ
531 2175 614 2259 πρὸς
641 2179 716 2238 ΑΒ.
766 2176 803 2239 τὸ
832 2177 897 2261 ὀίρα
924 2175 989 2240 ὑπὸ
1017 2180 1097 2259 ΑΒ,
1126 2181 1195 2241 ΒΘ

178 2283 314 2346 ἔλαττόν
338 2280 403 2345 ἐστι
430 2289 490 2345 τοῦ
512 2280 578 2346 ὑπὸ
601 2286 634 2344 Α
640 2286 682 2364 Ζ,
705 2286 788 2364 ΖΗ,
815 2281 965 2372 τουτέστι
991 2283 1028 2348 τὸ
1052 2283 1108 2346 διὰ
1131 2292 1194 2348 τοῦ

125 2400 160 2448 20
178 2386 296 2465 ὀξονος
320 2384 484 2464 ἰσοσκελὲς
506 2397 566 2453 τοῦ
587 2389 643 2452 ὀιόι
660 2397 718 2472 τῆς
736 2393 801 2453 ΑΖ
821 2391 1023 2465 ίσοσκελοῦς·
1048 2388 1109 2454 αόκ
1127 2390 1194 2473 ἄρα

179 2497 216 2559 τὸ
234 2496 290 2559 ὀιόι
309 2503 368 2560 τοῦ
388 2493 504 2573 ἄξονος
524 2493 688 2573 ἰσοσκελές
705 2495 860 2580 μέγιστόν
879 2495 947 2561 ἐστι
965 2497 1100 2561 πάντων
1113 2507 1194 2580 τῶν,

252 2729 275 2778 2.
297 2724 360 2847 PB)
379 2727 431 2777 ΔΒ
450 2741 477 2792 p.
532 2723 618 2792 ἡΑΕ
631 2721 696 2794 καί]
717 2723 846 2793 suppleui
860 2741 923 2778 cum
938 2723 1051 2792 Oomm.,
1071 2740 1123 2778 om.
1137 2723 1192 2791 Vc,

179 2794 196 2862 ἡ
212 2797 266 2848 ΑΕ
279 2794 327 2848 καὶ
361 2796 398 2849 πό
413 2803 461 2848 τοῦ
477 2799 498 2847 Β
513 2795 583 2862 πρὸς
597 2793 688 2862 ὀρθὰς
701 2793 820 2866 ἀνήχθω
836 2795 854 2864 ἡ
868 2799 921 2849 ΒΕ
935 2795 984 2850 καί
998 2793 1110 2849 ὀιόιτοῦ
1124 2798 1191 2863 Ep,

180 2866 197 2934 ἡ
221 2869 275 2920 ΑΕ
297 2865 346 2920 καὶ
368 2866 438 2934 πρὸς
460 2864 551 2933 ὀρθὰς
573 2866 591 2934 ἡ
615 2869 669 2920 ΒΕ
690 2865 806 2934 Halley3
835 2869 864 2922 et
885 2867 949 2921 fort.
972 2866 1055 2936 plura
1081 2866 1192 2920 desunt.

214 2938 260 3008 τῇ]
274 2945 308 3008 τῇ
324 2933 355 2990 δέ
369 2937 479 3005 Halley.
534 2935 720 3009 παράλληλος]
735 2936 909 3007 παράλληλος
923 2937 1004 3010 ἤχθω
1018 2956 1045 3010 p.
1095 2937 1193 3008 ἡΕΖ]

180 3024 282 3062 eeorr.
301 3027 328 3078 p.
389 3014 413 3063 3.
436 3008 495 3078 ΖΑ]
514 3026 540 3077 p,
563 3012 615 3062 ΖΔ
633 3008 686 3063 Vc.
747 3016 772 3063 4.
793 3008 1078 3098 ἐπεζεύχθωὴΒΗ]
1095 3025 1148 3062 om.
1163 3026 1192 3076 p.

216 3084 240 3134 5.
261 3081 313 3134 οόκ
332 3077 463 3150 ἐλάττων]
481 3095 557 3148 vop,
582 3080 633 3133 οὐκ
653 3079 679 3132 ἐ·
698 3096 778 3134 enan.
798 3080 831 3135 V.
907 3077 1047 3151 ἡμισείας]
1065 3076 1194 3148 ἡμισείας

180 3150 271 3221 ὀρθῆς
288 3169 315 3220 p.
370 3151 419 3205 καὶ
432 3148 450 3219 ἡ
465 3150 520 3203 ὑπὸ
535 3154 615 3203 ΒΑΕ
633 3150 701 3222 ὀρα]
720 3168 790 3221 ch,
809 3152 858 3205 καὶ
872 3149 889 3220 ἡ
904 3153 935 3206 θ·
950 3154 979 3206 et
993 3171 1043 3219 -ρα
1062 3167 1142 3204 euan.
1157 3150 1192 3204 V.

217 3229 239 3277 7.
259 3243 276 3292 ἡ
299 3222 401 3292 ισειας]
420 3238 548 3290 ημισειας
566 3221 656 3290 ὀρθῆς
674 3240 700 3290 p.
792 3228 815 3277 8.
835 3223 904 3276 Post
922 3220 1021 3291 μείζων
1039 3240 1097 3292 rep.
1117 3221 1193 3276 ἐστὶν

180 3294 213 3347 ού
237 3243 336 3362 μεέἓων
360 3291 433 3347 ἐστὶν
456 3290 583 3361 ἡμισείας
606 3291 622 3362 ἡ
643 3293 699 3362 ἄρα
721 3293 776 3349 ὑπὸ
798 3297 876 3348 ΖΕΒ
900 3296 933 3348 ού
953 3291 1051 3363 μείζων
1074 3293 1108 3360 V,
1137 3291 1192 3346 del.

180 3366 213 3418 οό
237 3362 336 3434 μείζων
360 3363 433 3418 ἐστὶν
455 3361 595 3432 ἡμισείας;
624 3363 697 3419 ἐστὶν
716 3362 843 3434 ἡμισείας
865 3363 883 3434 ἡ
902 3364 959 3434 ἄρα
977 3364 1033 3419 ὑπὸ
1056 3367 1134 3418 ΖΕΒ
1159 3365 1193 3418 οό

180 3433 278 3503 μείζων
296 3452 353 3504 rep.
372 3454 398 3489 v.
490 3436 585 3561 EAB?
604 3439 685 3489 ΒΑΕ
702 3454 729 3506 p.
820 3442 843 3491 9.
871 3437 966 3507 ΖΕΒ]
985 3453 1060 3505 vcp,
1088 3451 1192 3488 eeorr.

179 3523 215 3560 m.
236 3512 250 3558 1
270 3507 303 3560 V.
368 3511 410 3560 12.
431 3503 503 3578 ἐστί]
524 3505 569 3560 ἐστ
582 3526 598 3561 ν
613 3523 640 3575 ο,
660 3507 710 3560 sed
725 3523 793 3562 corr.
863 3513 904 3562 14.
930 3507 1044 3577 ὄγδοον]
1064 3503 1146 3560 έκτον
1165 3523 1193 3574 p,

179 3573 311 3645 τέταρτον
330 3575 439 3646 Halley.
505 3583 546 3632 16.
566 3579 631 3649 καί]
650 3595 702 3633 om.
723 3597 754 3648 p,
774 3576 790 3634 ἡ
811 3582 865 3632 ΒΕ
882 3587 916 3650 τῇ
938 3581 994 3632 ΖΗ
1009 3575 1059 3632 καί
1080 3575 1193 3645 Halley.
