2574 3882
177 211 220 273 32
446 212 533 264 ΠΕΡΙ
550 209 766 262 ΚΤΛΙΝΔΡΟΤ
784 209 922 266 ΤΟΜΗΣ,

178 352 295 431 ἄξονος
322 348 416 436 ήκται
443 356 519 419 οὐτε
541 356 758 440 παραλλήλως
779 363 825 441 τῇ
849 352 956 435 ἄξονι,
984 352 1004 435 η
1028 355 1106 416 ΛΜ
1126 353 1191 435 ἄρα

178 458 229 525 ἐπ’
260 462 395 545 ἄπειρον
424 459 644 544 ἐκβαλλομένη
672 471 762 543 τεμεῖ
787 461 845 524 τὸν
872 457 986 536 ἄξονα·
1014 469 1104 542 τεμεῖ
1126 459 1191 542 ἄρα

177 563 233 630 καὶ
260 567 321 649 τήν
350 569 421 630 ΘΝ
444 567 657 651 παράλληλον
680 561 785 630 οὖσαν
807 574 853 652 τῇ
877 562 983 642 ἄξονι·
1021 563 1192 649 ἀμφοτέρα

178 673 241 756 γὰρ
265 671 301 736 ἐν
323 679 368 758 τῇ
391 675 458 735 ΘΚ
476 673 560 736 εἰσιν
579 669 730 760 ἐπιπέδῳ.
768 669 908 755 τεμνέτω
928 671 970 754 δή
989 671 1070 734 κατὰ
1089 672 1126 735 τὸ
1145 675 1191 753 N,
1236 749 1238 761 Ι

144 792 159 840 5
178 776 233 842 καὶ
258 777 468 861 ἐκβεβλήσθω
492 776 546 861 ἐφ’
570 776 705 861 ἑκάτερα
728 778 748 861 ἡ
769 782 845 842 ΘΝ.
887 775 946 841 ἐδιν
968 777 1010 860 δή
1033 775 1193 860 μένοντος

178 893 238 948 τοῦ
262 882 379 962 ἄξονος
401 883 457 948 καλ
480 895 548 949 τῶν
570 886 701 949 κύκλων
724 885 744 968 η
765 889 838 949 ΘΝ
856 888 1103 970 περιενεχθεῑσα
1127 885 1192 947 σὺν

178 1002 249 1067 ταῖς
280 989 469 1075 διαμέτροις
501 989 772 1076 ἀποκατασταθῇ,
807 989 941 1072 αὐξήσει
973 991 1034 1076 τήν
1065 997 1125 1054 τοῦ
1157 987 1191 1066 ἐξ

179 1096 280 1183 άρχῇς
301 1097 485 1180 κυλίνδρου
510 1095 705 1181 ἐπιφάνειαν
727 1097 810 1161 κατὰ
833 1098 870 1161 τὸ
893 1096 988 1179 ὐψος,
1011 1093 1066 1159 καὶ
1089 1111 1192 1180 προσ-

178 1203 397 1288 εκβληθέντος
420 1212 479 1267 τοῦ
501 1208 564 1268 ΖΕ
581 1202 738 1268 ἐπιπέδου
756 1202 978 1286 αὐξηθήσεται
996 1200 1051 1266 καλ
1069 1201 1090 1284 ή
1108 1203 1192 1286 τομή

128 1323 161 1371 10
179 1309 274 1394 μέχρι
297 1319 357 1374 τοῦ
376 1314 415 1373 Ν
417 1329 424 1344 ·
456 1311 493 1374 τὸ
513 1309 547 1373 δ’
568 1311 649 1375 αὐτὸ
673 1313 763 1375 ἐσται
781 1308 837 1374 καὶ
855 1308 908 1374 ἐπὶ
927 1309 967 1374 τά
987 1311 1027 1392 Γ,
1048 1313 1079 1373 Λ
1096 1307 1193 1392 μέρη·

178 1415 199 1497 ή
220 1419 259 1479 Ν
260 1419 364 1478 ΗΕΡ
379 1416 443 1500 ἄρα
462 1418 545 1499 τομή
564 1415 632 1480 ἐστι
650 1417 843 1504 κυλίνδρου,
862 1416 916 1480 οἵα
934 1414 989 1480 καὶ
1008 1415 1044 1480 ἐν
1062 1425 1108 1503 τῇ
1127 1416 1192 1500 πρὸ
1266 1503 1267 1506 ¹

180 1521 300 1584 τούτου
328 1523 527 1606 θεωρήματι.
572 1521 592 1604 ή
618 1527 657 1586 Ν
658 1527 763 1587 ΗΕΡ
781 1525 845 1608 ἄρα
868 1524 950 1607 τομή
975 1523 1050 1588 οὐτε
1073 1523 1194 1598 κύκλος

180 1627 256 1690 οὐτε
279 1626 518 1712 εὐθύγραμμον
541 1627 622 1693 ἐστι·
645 1626 700 1693 καὶ
723 1628 744 1712 ἡ
765 1633 871 1694 ΓΕΗ
873 1634 900 1693 Ζ
923 1631 987 1715 ἄρα
1010 1631 1093 1714 τομή
1116 1630 1194 1694 οὐτε

180 1734 419 1818 εὐθύγραμμον
451 1736 527 1799 οὐτε
558 1735 678 1812 κύκλος
710 1737 786 1801 οὐτε
817 1745 925 1820 τμῇμα
951 1736 1090 1818 κύκλου,
1118 1733 1191 1800 ἄλλ’

129 1854 160 1903 15
181 1839 270 1905 ἐστὶν
293 1841 313 1924 ἡ
337 1841 473 1924 τοιαύτη
496 1843 578 1926 τομή
602 1843 784 1927 κυλίνδρου
807 1845 899 1927 τομή.

659 2063 715 2102 ια.

244 2161 320 2226 Ἐάν
357 2162 536 2246 κύλινδρος
567 2160 709 2250 ἐπιπέδῳ
743 2168 854 2246 τμηθῇ
887 2162 943 2226 διὰ
974 2153 1034 2226 τού
1066 2159 1195 2245 ἄξονος,

180 2274 295 2354 ληφθῇ
311 2265 348 2332 δέ
366 2291 397 2332 τι
417 2280 554 2352 σημεῖον
569 2267 622 2334 ἐπὶ
640 2279 698 2352 τῇς
715 2279 775 2335 τοῦ
794 2269 977 2355 κυλίνδρου
991 2267 1195 2353 ἐπιφανείας,

180 2374 198 2440 δ
226 2377 270 2460 μή
295 2373 384 2438 ἐστιν
407 2372 459 2438 ἐπὶ
482 2383 540 2458 τῇς
562 2380 707 2462 πλευρᾶς
729 2383 790 2440 τοῦ
814 2375 870 2438 διὰ
892 2385 953 2440 τοῦ
977 2374 1094 2454 ἄξονος
1110 2396 1196 2457 παρ-

127 2493 161 2542 20
180 2479 468 2567 αλληλογράμμου,
486 2479 541 2545 καὶ
561 2479 617 2546 ἄπ’
639 2482 742 2547 αὐτοῦ
762 2481 850 2566 άγθῇ
869 2505 919 2558 τις
937 2483 1052 2547 εὐθεῖα
1070 2483 1196 2568 παράλ-

180 2594 278 2672 ληλος
300 2588 417 2674 εὐθείᾳ
438 2591 520 2671 τινί,
544 2589 617 2671 ἥτις
640 2587 676 2652 ἐν
699 2597 745 2676 τῇ
769 2588 858 2674 αὐτῷ
882 2586 1024 2677 ἐπιπέδῳ
1048 2584 1132 2654 οὐσα
1155 2598 1196 2673 τῇ

179 2695 272 2778 βάσει
300 2703 360 2758 τοῦ
388 2695 571 2781 κυλίνδρου
603 2695 687 2780 πρὸς
718 2693 825 2780 ὀρθάς
853 2693 921 2759 ἐστι
948 2704 987 2780 τῇ
1017 2695 1111 2778 βάσει
1133 2704 1196 2760 τοῦ

180 2802 236 2864 διὰ
258 2810 319 2865 τοῦ
343 2798 461 2877 ἄξονος
480 2800 836 2884 παραλληλογράμμου,
859 2799 952 2877 ἐντὸς
970 2813 1116 2866 πεσεῖται
1133 2811 1197 2866 τοῦ

180 2905 524 2991 παραλληλογράμμου
539 2904 594 2970 καὶ
608 2905 916 2991 προσεκβαλλομένη
931 2905 992 2984 ἔοις
1005 2917 1066 2972 τοῦ
1081 2905 1197 2993 ἑτέρου

201 3189 207 3206 x
234 3123 277 3206 ⁶3.
300 3117 376 3188 ΘΝ]
399 3119 466 3197 ΘΝ
480 3134 507 3186 p,
527 3116 576 3170 sed
596 3132 688 3198 cons.-
720 3124 743 3172 7.
764 3117 792 3183 ἐξ
811 3118 908 3190 ἀρχῆς]
929 3135 982 3174 om.
996 3136 1023 3186 p.
1079 3124 1104 3173 8.
1123 3116 1198 3173 κατὰ

181 3209 212 3244 w
219 3199 322 3331 1ἄψοἄ*’]
333 3185 459 3314 tango?
465 3204 493 3329 pc.
513 3189 722 3314 θήᾶλᾶᾑΝἫῄἄ
729 3206 820 3332 ἄᾶἕΝ
823 3265 853 3314 Η
869 3190 1043 3329 ἄοᾶτᾶ]ρρ’
1067 3189 1198 3332 Εὐᾶκᾶιᾶ]

182 3303 283 3394 κύκλύς
293 3329 366 3386 ἐστίν
377 3349 404 3400 p.
456 3337 498 3385 13.
511 3329 612 3385 ἐστι-
623 3337 663 3386 14.
674 3331 785 3404 κύκλος]
796 3348 849 3386 om.
860 3350 886 3401 p.
940 3305 981 3387 Ιύ.
995 3303 1066 3400 τομή
1075 3329 1160 3404 (alm
1170 3350 1198 3402 p,

183 3430 268 3490 τομῆς
281 3421 386 3476 κύκλου
401 3419 454 3488 Vc,
473 3423 542 3488 τομξ
559 3419 619 3474 cod.
634 3419 721 3474 Paris.
737 3425 807 3474 2367
828 3419 892 3474 add.
907 3429 1000 3490 τμῇμα
1014 3419 1044 3473 in
1057 3437 1111 3475 ras.
1124 3439 1161 3475 m.
1174 3426 1199 3490 λ,

184 3501 270 3616 τομῇςί
292 3500 386 3561 τμῆμα
414 3490 517 3561 Halley
540 3508 604 3544 cum
627 3490 730 3546 Oomm.
774 3523 775 3526 =
823 3496 863 3546 19.
892 3491 961 3545 Post
982 3500 1031 3561 τῇς
1060 3491 1113 3546 del.
1139 3492 1200 3546 ἐπι-

186 3582 258 3631 φανε
272 3584 305 3625 ας
325 3582 347 3618 ο.
1187 3593 1190 3600 ·
