2594 3878
156 229 199 292 92
426 228 514 279 ΠΕΡΙ
531 227 746 280 ΚΤΛΙΝΔΡΟΤ
764 226 899 280 ΤΟΜΗΣ.

155 373 363 448 πεπονθυίας
392 368 506 455 μέντοι
537 373 595 447 τὰς
625 368 822 457 διαμέτρους
849 372 969 454 ἔχουσα
995 380 1067 446 ταῖς
1095 369 1170 433 δια-

155 477 295 563 μέτροις.

224 601 281 666 έδιν
303 602 366 688 νδρ
390 600 443 668 έκί
466 612 524 686 τῆς
546 610 606 667 τοῦ
630 602 813 688 κυλίνδρου
835 609 1048 688 καταγραφῆς
1070 622 1169 664 κατα-

157 708 383 794 σκευάσωμεν,
410 708 455 785 ὡς
481 710 518 774 τὸ
546 708 609 773 ἀπὸ
637 717 695 793 τῆς
721 711 790 772 ΕΓ
811 705 832 792 ἦ
860 716 917 792 τῆς
941 710 1002 772 ΓΖ
1024 707 1108 792 πρὸς
1130 707 1170 771 τὸ

121 814 220 879 σάκὸ
243 823 301 898 τῆς
325 818 395 900 ΓΑ,
419 815 524 892 οὕτως
546 816 584 880 τὸ
608 814 671 880 ἀπὸ
694 824 752 898 τῆς
775 817 835 879 ΓΑ
857 815 940 900 πρὸς
962 815 1000 878 τὸ
1023 812 1087 878 ἀπὸ
1110 820 1170 896 τῆς

156 927 189 985 A
196 925 225 985 Θ
251 919 272 1004 ἢ
299 930 356 1006 τῆς
384 924 463 1006 ΓΚ,
486 923 671 1006 γενήσεται,
699 921 744 998 ὡς
771 922 808 986 τὸ
837 919 900 985 ἀπὸ
925 918 1079 1006 ἑκατέρας
1101 929 1171 984 τῶν

156 1030 236 1112 ΕΓ,
261 1031 322 1093 ΓΖ
349 1029 432 1114 πρὸς
454 1029 491 1093 τὸ
515 1027 578 1094 ἀπὸ
601 1037 659 1112 τῆς
683 1031 761 1111 ΓΑ,
784 1025 954 1092 τουτέστιν
976 1027 1021 1103 ὡς
1042 1027 1079 1090 τὸ
1104 1024 1169 1090 ἀπὸ

156 1143 214 1218 τῆς
245 1132 424 1222 διαμέτρου
458 1145 525 1200 τῶν
559 1135 683 1220 ὁμοίων
714 1134 889 1212 ἐλλείψεων
917 1145 985 1200 τῶν
1014 1133 1078 1198 ἀπὸ
1107 1143 1171 1198 τοῦ

157 1241 261 1306 αὐτοῦ
293 1239 415 1327 μέρους
445 1239 598 1326 ἡμμένων
631 1242 714 1328 πρὸς
745 1242 782 1306 τὸ
820 1241 883 1305 ἀπὸ
920 1249 977 1324 τῆς
1013 1237 1172 1326 δευτέρας

106 1362 139 1411 10
157 1351 321 1430 συζυγοῦς
348 1347 540 1432 διαμέτρου,
568 1348 673 1424 οὕτως
699 1349 736 1412 τὸ
765 1346 828 1412 ἀπὸ
856 1356 913 1432 τῆς
939 1349 1004 1412 ΓΑ
1025 1348 1108 1432 πρὸς
1130 1347 1171 1411 τὸ

157 1453 221 1518 ἀπὸ
245 1451 398 1539 ἑκατέρας
420 1465 487 1518 τῶν
510 1458 593 1537 ΑΘ,
617 1457 695 1537 ΓΚ,
723 1452 893 1519 τουτέστιν
916 1453 1021 1530 οὕτως
1043 1455 1080 1518 τὸ
1104 1452 1170 1518 ἀπὸ

156 1569 214 1642 τῆς
249 1557 405 1645 δευτέρας
437 1558 614 1646 διαμέτρου
642 1569 709 1625 τῶν
740 1559 804 1624 ἀπὸ
836 1570 903 1625 τῶν
935 1556 1172 1644 ἀντικειμένων

157 1663 310 1750 ἡμμένων
332 1665 457 1750 ὁμοίων
480 1666 657 1745 ἐλλείψεων
679 1667 762 1753 πρὸς
784 1667 821 1731 τὸ
845 1666 909 1731 ἀπὸ
931 1675 989 1750 τῆς
1007 1669 1172 1748 συζυγοῦς

158 1770 349 1858 διαμέτρου·
383 1773 428 1848 ὡς
455 1775 519 1860 ἄρα
546 1781 604 1857 τῆς
631 1770 743 1860 ἑτέρας
769 1775 925 1855 συζυγίας
951 1772 972 1856 ἡ
996 1772 1174 1859 διάμετρος

105 1894 138 1942 15
156 1881 240 1965 πρὸς
262 1879 323 1962 τὴν
346 1878 506 1968 δευτέραν
529 1880 716 1966 διάμετρον,
740 1879 845 1957 οὕτως
867 1889 924 1964 τῆς
943 1877 1054 1965 ἑτέρας
1072 1882 1133 1958 συζ
1155 1920 1173 1929 -

156 1991 231 2069 νίας
252 1985 273 2068 ἡ
298 1984 435 2072 δευτέρα
458 1987 631 2073 διάμετρος
652 1987 736 2073 τορὸς
758 1987 820 2070 τὴν
841 1987 1027 2073 διάμετρον.

223 2108 293 2175 Ἐπὶ
317 2107 354 2174 δέ
376 2118 436 2175 τοῦ
459 2112 580 2195 κώνου,
604 2110 662 2176 έδιν
685 2111 786 2176 πάλιν
804 2110 1106 2195 κατασκευάσωμεν,
1125 2110 1173 2187 ὡς

157 2215 218 2298 τὴν
245 2219 317 2280 ΗΑ
344 2217 428 2302 πρὸς
454 2220 537 2300 ΑΚ,
565 2217 670 2294 οὕτως
699 2219 760 2301 τὴν
787 2221 863 2282 ΑΠ
885 2218 968 2302 πρὸς
997 2218 1058 2301 τὴν
1087 2221 1173 2300 ΠΣ,

158 2325 262 2406 ἔσται,
290 2323 335 2400 ὡς
362 2322 382 2405 ἡ
410 2326 483 2387 ΑΚ
506 2324 589 2410 πρὸς
615 2326 676 2408 τὴν
704 2327 789 2408 ΚΗ,
818 2323 923 2400 οὕτως
949 2323 970 2408 ἡ
993 2325 1068 2388 ΠΣ
1086 2324 1173 2408 πρὸς

104 2443 138 2491 νο
157 2431 218 2514 τὴν
241 2435 325 2514 ΣΑ,
339 2428 528 2506 ,τουτέστιν
549 2430 594 2507 ὡς
615 2431 652 2496 τὸ
676 2429 740 2496 ἀπὸ
763 2439 820 2515 τῆς
843 2433 920 2494 ΑΚ
938 2431 1021 2517 πρὸς
1043 2431 1080 2494 τὸ
1102 2429 1171 2494 ὑπὸ

157 2549 224 2603 τῶν
247 2540 329 2621 ΗΚ,
353 2540 437 2621 ΚΑ,
465 2537 570 2613 οὕτως
592 2538 629 2602 τὸ
652 2537 717 2602 ὑπὸ
740 2547 808 2602 τῶν
830 2541 912 2620 ΠΣ,
935 2542 1005 2602 ΣΑ
1026 2538 1109 2623 ιιρὸς
1131 2537 1172 2601 τὸ

158 2642 221 2709 ἀπὸ
249 2652 308 2728 τῆς
330 2647 408 2709 ΑΣ.
454 2642 527 2709 ἀλλ’
553 2644 597 2720 ὡς
624 2641 684 2728 μέν
707 2645 744 2708 τὸ
767 2643 832 2708 ἀπὸ
855 2652 912 2727 τῆς
935 2647 1008 2708 ΑΚ
1026 2645 1109 2731 πρὸς
1131 2645 1173 2708 τὸ

157 2750 222 2815 ὑπὸ
250 2761 318 2815 τῶν
344 2754 430 2834 ΗΚ,
454 2754 537 2834 ΚΑ,
564 2749 714 2815 τουτέστι
740 2751 824 2836 πρὸς
850 2751 887 2815 τὸ
914 2743 980 2816 ὑπὸ
1002 2761 1069 2815 τῶν
1093 2753 1172 2833 ΒΚ,

157 2859 233 2939 ΚΓ,
256 2856 361 2931 οὕτως
383 2857 421 2920 τὸ
444 2855 507 2921 ἀπὸ
531 2865 589 2939 τῆς
612 2853 788 2941 διαμέτρου
812 2866 879 2921 τῶν
904 2855 968 2922 ἀπὸ
987 2865 1047 2922 τοῦ
1065 2856 1172 2921 αὐτοῦ

231 3124 254 3172 1.
276 3115 389 3188 ἔχοντα]
409 3115 521 3189 ἔχουσαι
539 3136 566 3188 p.
639 3124 663 3172 3.
684 3117 746 3190 ἐάν]
766 3117 817 3175 -οίν
835 3136 915 3174 εοεαε,
931 3137 953 3174 ο.
1028 3125 1051 3174 5.
1072 3117 1172 3190 οὕτως]

160 3186 268 3243 οὕτωσ.
325 3186 578 3261 οὕτως-6.,λΘ]
593 3189 758 3244 insinras.
772 3209 800 3260 p.
858 3198 881 3245 6.
902 3187 1045 3316 sumusque)
1059 3189 1171 3260 Hallsy,

159 3257 297 3329 ἑκατέρων
315 3259 392 3328 ch.
466 3266 507 3314 12.
527 3270 582 3316 τῶν
601 3260 670 3332 ἀπό]
690 3261 797 3332 scripsi,
818 3262 963 3332 om.Vep‚
983 3263 1024 3316 ἀπ
1058 3261 1170 3330 Halley.

194 3328 405 3402 ἀντικειμένων]
424 3330 621 3402 ἀντικειμένως
638 3351 665 3402 p.
740 3339 781 3388 17.
800 3335 861 3404 τοῦ]
881 3350 932 3404 cp,
953 3350 1005 3387 om.
1020 3333 1054 3389 V.
1128 3337 1171 3388 18.

157 3405 228 3475 ΑΚ]
246 3403 298 3473 τὴν
316 3407 372 3457 ΑΚ
386 3421 413 3472 p.
488 3401 574 3466 οὕτως
593 3436 626 3443 -
645 3403 726 3476 πρός]
746 3420 826 3459 euan.
845 3423 873 3474 p.
954 3409 995 3458 19.
1016 3403 1103 3476 ἔσται]
1122 3421 1170 3474 cp,

160 3488 242 3577 125⁷,
273 3507 338 3563 ἔστω
357 3527 382 3562 v.
469 3513 511 3563 20.
535 3509 667 3582 v6(alt.)]
687 3527 755 3565 corr.
776 3528 810 3565 ex
827 3515 865 3583 τῷ
883 3529 919 3566 m.
940 3518 954 3566 1
975 3527 997 3566 ο.
1070 3511 1123 3564 Hic
1143 3513 1173 3565 et

158 3580 189 3632 in
208 3596 283 3646 seqq.
303 3579 442 3646 quaedam
461 3596 540 3634 suan.
560 3599 587 3649 p.
660 3587 702 3636 22.
722 3583 791 3653 ΑΣ]
811 3585 862 3636 ΣΑ
880 3600 907 3651 p.
