2574 3882
406 212 455 262 DE
474 212 650 264 anemoria
669 213 848 266 CYLINDRI.
1089 212 1131 277 59

120 377 265 440 uersum,
300 355 347 419 ita
375 352 616 424 nn²:AE><
635 361 711 434 EA3
748 357 861 421 eodem
894 361 1003 422 autem
1035 359 1131 423 modo

118 462 219 526 etiam
257 459 331 526 ΓΖ2
345 485 352 524 :
368 467 400 526 A
407 466 433 525 Z
448 478 490 529 ><
507 466 580 526 ΖΛ.
649 483 727 546 ergo
773 462 872 526 etiam
916 459 1131 548 permutando

119 566 227 634 3132:
248 566 324 632 ΓΖ2
339 599 380 620 =
400 573 469 632 ΑΕ
486 584 529 636 ><
548 574 616 634 ΕΔ
633 593 641 632 :
661 573 728 632 ΑΖ
747 585 789 636 ><
810 574 888 648 ΖΛ;
926 592 1006 653 quae
1039 576 1131 636 erant

117 675 379 740 demonstranda.

185 781 297 846 Etiam
319 781 400 846 haec
423 783 461 846 de
485 781 592 866 ellipsi
611 781 834 847 demonstrata
852 786 928 846 sunt
946 783 981 846 in
1000 782 1129 849 Conicis

115 908 208 972 prop.
232 887 293 951 XX
317 886 482 972 [Apollon.
506 886 537 972 l,
555 888 622 971 21].

183 1117 271 1182 Fieri
307 1122 430 1203 potest,
466 1122 504 1181 ut
540 1140 598 1202 per
634 1118 698 1182 alia
734 1139 861 1201 quoque
898 1117 1040 1201 plurima
1076 1118 1128 1181 de-

114 1229 350 1308 monstremus,
383 1223 542 1289 sectiones
575 1225 704 1288 easdem
736 1246 822 1309 esse,
851 1246 910 1308 per
942 1245 1128 1288 communes

115 1353 229 1396 earum
269 1331 500 1416 proprietatem
541 1352 656 1394 uerum
695 1329 887 1415 praecipuae
929 1334 1016 1394 certe
1057 1353 1130 1415 pro-

113 1437 273 1521 prietates
286 1438 354 1503 fere
369 1437 473 1502 dictae
488 1441 572 1500 sunt.
609 1437 675 1500 iam
690 1437 880 1520 quaestione
893 1437 957 1502 huo
970 1438 1130 1522 producta

113 1566 225 1609 meum
265 1566 332 1608 non
373 1549 423 1610 est
464 1543 578 1608 alicnis
619 1543 786 1608 immorari
826 1544 963 1608 ulterius
1000 1544 1129 1630 singula

113 1650 315 1734 reliquorum
342 1654 602 1735 persequentsm3
629 1672 760 1716 necesse
789 1649 875 1714 enim
904 1655 990 1716 esset
1019 1651 1128 1717 omnia

113 1758 154 1820 de
192 1757 298 1841 ellipsi
335 1761 576 1822 consectantem
613 1779 651 1821 ea
687 1779 815 1840 quoque
849 1761 1008 1842 repetere,
1046 1781 1127 1842 quae

112 1863 310 1947 Apollonius
337 1862 500 1948 Pergaeus
534 1863 573 1926 de
606 1885 643 1927 ea
676 1863 846 1947 quaesiuit.
897 1865 953 1928 sed
980 1864 1127 1948 quisquis

113 1969 203 2033 ultra
222 1991 374 2054 quaerere
394 1969 512 2054 studet,
531 1969 561 2032 ei
579 1969 656 2034 licet
674 1970 754 2035 haee
774 1993 847 2036 cum
860 1969 902 2035 iis
917 1971 1127 2055 comparanti,

114 2098 198 2159 quae
226 2075 262 2140 in
288 2076 394 2161 primo
421 2075 506 2140 libro
531 2073 728 2141 Conicorum
756 2077 843 2142 dicta
867 2082 957 2162 sunt,
983 2077 1047 2162 ipsi
1069 2100 1128 2162 per

114 2205 149 2248 se
181 2183 386 2267 propositum
420 2184 623 2268 confirmam3
655 2206 731 2248 nam
762 2205 971 2268 quaeeunque
997 2183 1065 2248 illio
1092 2185 1127 2248 in

43 2304 46 2310 '
113 2289 189 2354 coni
213 2289 369 2374 sectione,
397 2289 520 2373 ellipsis
544 2311 626 2373 quae
650 2294 800 2376 uocatur,
826 2290 992 2376 adcidunt,
1015 2292 1127 2356 eadem

114 2395 225 2460 omnia
257 2395 355 2460 etiam
387 2395 423 2458 in
455 2395 592 2479 cylindri
625 2395 768 2460 sectione
801 2417 839 2459 ex
871 2395 927 2480 iis,
960 2418 1040 2480 quae
1072 2396 1126 2461 hic

113 2504 337 2567 demonstrata
373 2506 463 2586 sunt,
498 2501 642 2565 inueniet
679 2500 869 2565 adcidentia.
929 2522 1027 2583 quare
1063 2502 1125 2566 hoc

113 2608 249 2692 emisse,
275 2608 388 2692 paucis
414 2611 523 2672 autem
545 2606 708 2671 lemmatis
732 2602 864 2691 additis,
893 2628 975 2689 quae
999 2611 1031 2670 et
1054 2607 1126 2694 ipsa

112 2715 253 2798 quodam
280 2715 376 2778 modo
406 2712 604 2799 significant,
632 2712 792 2784 sectiones
823 2713 952 2777 easdem
975 2734 1058 2798 esse,
1085 2715 1126 2777 ad

111 2819 202 2884 aliud
224 2841 276 2884 me
299 2823 496 2884 conuertam.

586 2995 654 3060 XX.

178 3120 263 3185 Dico
285 3120 402 3206 igitur,
428 3121 499 3186 fieri
525 3143 635 3206 posse,
663 3125 700 3184 ut
728 3121 999 3207 demonstremus,
1027 3123 1124 3187 simul

111 3251 231 3294 conum
254 3231 287 3290 et
311 3227 491 3312 cylindrum
514 3250 579 3292 una
602 3229 777 3311 eademque
802 3227 909 3311 ellipsi
932 3229 1043 3294 secari.

110 3424 198 3475 eunte
213 3419 317 3474 Comm.
333 3422 381 3490 (od
396 3438 437 3475 me
455 3422 575 3490 attinet),
595 3419 660 3488 ἐμὸς
677 3419 740 3491 ἥκει
758 3421 840 3490 ch,
860 3421 921 3489 ἐμοὶ
934 3419 996 3490 ἥκει
1013 3419 1123 3489 Halley.

148 3498 189 3547 18.
214 3491 324 3616 αὑτοῦὶ
344 3493 430 3547 αὐτοῦ
449 3492 483 3547 V.
574 3497 616 3546 20.
640 3489 831 3563 συμβαίνοντα
850 3523 884 3532 -
904 3491 1045 3582 italarum]
1072 3491 1125 3560 τὴν

109 3567 289 3632 ναλονμενην
323 3565 431 3633 lissum
450 3559 641 3634 συμβαίνοντα
659 3582 685 3632 p.
760 3568 802 3616 23.
822 3561 902 3633 ἄττα]
922 3581 991 3616 αντα
1009 3562 1043 3616 V.
