2574 3882
397 199 446 248 Du
466 199 643 250 SEOTIONE
663 199 842 250 CYLINDRI.
1084 196 1128 260 33

113 363 216 424 neque
248 364 306 425 per
336 362 429 405 axem
461 325 594 406 ductum
627 346 677 406 est
709 363 813 425 neque
846 341 899 405 axi
926 341 1128 427 parallelum,

113 451 193 510 AM
205 447 241 510 in
259 447 423 512 infinitum
441 449 600 532 producta
619 469 712 512 axem
731 447 867 532 secabit,
886 447 1010 513 secabit
1023 447 1127 533 igitur

583 554 680 618 etiam
724 558 797 618 ΘΝ
833 553 885 618 axi
924 555 1126 642 parallelam3

579 664 717 744 utraque
749 660 837 724 enim
867 660 903 723 in
931 661 1029 744 plano
1059 663 1128 725 ΘΚ

578 766 688 850 posita
706 771 764 830 est.
802 771 889 832 secet
906 766 1009 851 igitur
1026 767 1062 830 in
1079 772 1124 851 N,

579 877 612 936 et
642 877 713 937 ΘΝ
736 873 771 936 in
798 877 970 956 utramque
997 878 1125 956 partem

578 979 785 1062 producatur.
849 979 877 1042 si
920 978 1023 1064 igitur
1064 1003 1123 1045 axe

579 1083 770 1168 circulisque
810 1085 1016 1150 manentibus
1054 1091 1130 1151 ΘΝ

579 1190 775 1256 circumacta
822 1213 887 1255 una
936 1214 1011 1256 oum
1055 1193 1124 1256 dia-

579 1296 692 1362 metris
707 1298 901 1382 restituitur,
918 1299 1123 1382 superficiem

579 1402 715 1487 cylindri
747 1405 787 1468 ab
817 1404 913 1470 initio
945 1405 1047 1489 positi
1075 1428 1124 1470 se-

578 1511 717 1574 cundum
745 1511 951 1576 altitudinem
979 1513 1123 1597 augebit,

578 1621 611 1680 et
633 1618 791 1701 producto
814 1617 912 1702 plano
935 1622 1000 1682 ΖΕ
1021 1619 1121 1683 etiam

578 1723 678 1787 sectio
702 1723 876 1810 augebitur
899 1725 939 1789 ad
962 1729 1001 1788 N
1002 1752 1010 1804 ;
1034 1725 1121 1790 idem

578 1834 686 1894 autem
710 1830 809 1894 etiam
837 1832 877 1894 ad
899 1835 1008 1915 partes
1034 1833 1071 1914 F,
1090 1835 1122 1895 A

575 1957 689 2000 uersus
704 1935 845 2019 eueniet3
858 1936 969 2020 itaque
981 1941 1126 2002 NHEP

476 2045 524 2119 μ’
576 2042 677 2106 sectio
706 2047 756 2107 est
780 2041 930 2128 cylindri,
960 2043 1066 2126 qualis
1085 2043 1121 2106 in

576 2149 801 2234 propositione
817 2149 1030 2234 praecedenti.
1061 2149 1119 2214 ita-

105 2276 168 2338 que
197 2254 298 2319 sectio
323 2259 468 2319 NHEP
494 2276 597 2338 neque
630 2255 768 2320 circulus
797 2260 847 2320 est
878 2276 982 2338 neque
1014 2256 1121 2342 figura

105 2361 274 2426 rectilinea
297 2361 401 2446 [prop.
420 2359 494 2446 IX];
518 2383 596 2448 ergo
616 2361 717 2428 sectio
738 2365 873 2426 ΓΕΗΖ
891 2383 995 2445 neque
1013 2363 1120 2447 figura

7 2547 8 2552 ἵ
103 2466 272 2532 rectilinea
291 2472 341 2531 est
363 2489 466 2550 neque
490 2467 629 2532 circulus
651 2490 756 2551 neque
776 2473 980 2554 segmentum
998 2467 1120 2556 circuli,

105 2574 163 2638 scd
186 2573 261 2637 talis
286 2573 386 2638 sectio
411 2573 579 2657 cylindri
602 2578 652 2638 est
675 2573 807 2638 sectio.

585 2767 640 2832 XI.

174 2869 210 2937 si
231 2873 393 2958 cylindrus
416 2874 514 2959 plano
537 2898 595 2960 per
618 2897 711 2939 axem
734 2879 869 2958 secatur,
891 2875 927 2938 in
949 2876 1118 2961 superficie

104 2983 215 3044 autem
252 2981 389 3064 cylindri
420 2985 578 3066 punctum
610 2981 742 3066 aliquod
774 2981 927 3067 sumitur,
964 2983 1050 3068 quod
1081 2983 1116 3048 in

102 3089 205 3152 latere
229 3087 524 3174 parallelogrammi
547 3111 604 3173 per
628 3111 721 3153 axem
743 3088 844 3172 positi
862 3110 928 3152 non
947 3088 998 3174 sit,
1023 3094 1056 3154 et
1074 3091 1116 3154 ab

102 3215 142 3258 eo
165 3197 254 3258 recta
277 3193 386 3279 aliqua
409 3196 538 3260 ducitur
559 3195 714 3280 parallela
738 3199 845 3260 rectae
869 3195 1006 3280 cuidam,
1030 3217 1113 3279 quae
1208 3257 1210 3260 .

103 3300 140 3364 in
163 3301 275 3365 eodem
298 3301 396 3386 plano
419 3302 542 3388 posita,
569 3302 605 3366 in
628 3323 691 3385 quo
716 3305 765 3366 est
788 3300 876 3365 basis
900 3301 1051 3384 cylindri,
1074 3301 1116 3366 ad

104 3406 210 3470 basim
228 3407 523 3493 parallelogrammi
541 3430 599 3491 per
618 3431 709 3472 axem
728 3407 827 3492 positi
840 3405 1114 3490 perpendicularis
1242 3467 1244 3470 .

176 3545 236 3616 Fig.
256 3546 286 3600 in
304 3547 376 3615 va
394 3547 469 3601 male
488 3545 658 3616 descriptam
676 3562 744 3600 corr.
765 3545 868 3599 Oomm.

159 3645 282 3686 Serenus
296 3645 501 3700 Antinoensie,
515 3647 549 3688 ed.
564 3646 671 3696 Heiberg.
938 3637 953 3685 3
