2604 3880
147 193 213 258 260
457 195 544 246 nm
562 193 690 248 Κῶμον
709 195 844 247 ΤοΜΗΣ.

148 341 260 402 ΒΑΓ·
284 339 321 401 αί
342 339 405 423 ἄρα
427 336 492 402 ὑπὸ
516 341 632 421 ΒΑΕ,
657 340 761 402 ΒΑΓ
780 334 950 414 ε’λοίττονές
973 337 1036 401 είσι
1060 337 1162 402 δυοῖν

148 443 273 528 ὀρθῶν.
323 441 387 507 είσὶ
417 439 454 508 δὲ
481 444 519 508 αἱ
543 443 608 508 ὑπὸ
637 447 753 527 ΒΑΓ,
785 446 890 508 ΒΑΓ
913 442 1012 508 δυσὶν
1039 443 1162 529 ὀρθαῖς

149 556 229 615 ίσαι·
254 551 291 616 αί
312 551 375 636 ἄρα
398 549 464 615 ὑπὸ
488 553 602 634 ΒΔΓ,
627 553 732 615 ΒΑΓ
749 561 816 615 τῶν
838 549 904 615 ὑπὸ
928 554 1040 634 ΒΔΕ,
1060 554 1167 615 ΒΑΓ

147 655 292 740 μείζονές
310 663 383 722 ελσι.
421 654 476 722 καὶ
494 664 609 740 κοινῆς
623 655 782 742 ἀρθεισης
795 665 854 740 τῆς
866 656 931 722 ὑπὸ
946 659 1052 721 ΒΑΓ
1062 659 1161 741 λοιπὴ

113 776 128 824 5
148 763 168 846 η
196 763 262 828 ὑπὸ
286 767 391 828 ΒΑΓ
414 772 471 847 τῆς
498 763 563 828 ὑπὸ
587 767 692 828 ΒΔΕ
717 766 837 848 μείζων
860 763 958 829 ἐστίν.
1006 761 1075 828 ἐπεὶ
1098 759 1163 829 οὖν

149 876 203 953 ἴση
231 869 251 952 η
276 873 347 935 ΑΓ
365 881 404 956 τῇ
428 875 510 953 ΔΕ,
538 871 633 953 κοινὴ
658 867 695 934 δὲ
717 869 738 953 η
761 874 843 954 ΔΒ,
871 869 891 952 η
915 867 952 935 δέ
974 869 1040 935 ὑπὸ
1065 873 1162 935 ΓΔΒ

148 986 206 1061 τῆς
232 977 297 1042 ὑπὸ
322 982 426 1042 ΒΑΕ
451 979 584 1061 μείζων,
611 975 666 1041 καὶ
694 975 714 1059 ἡ
740 980 801 1042 ΓΒ
830 978 894 1063 ἄρα
920 977 1016 1060 βάσις
1042 979 1162 1061 μείζων

149 1081 218 1149 ε’στὶ
241 1092 299 1168 τῆς
322 1088 394 1148 ΒΕ.
440 1081 495 1148 καὶ
519 1081 587 1148 έτελ
611 1085 648 1147 αί
669 1087 751 1166 ΑΒ,
780 1088 845 1148 ΒΕ
866 1083 994 1148 εὐθεῖαι
1017 1083 1164 1167 μείζονές

149 1194 213 1256 είσι
236 1199 294 1275 τῆς
312 1195 394 1273 ΑΕ,
418 1201 485 1254 τῶν
509 1186 546 1254 δὲ
564 1194 646 1273 ΑΒ,
666 1193 733 1254 ΒΕ
753 1193 1004 1276 συναμφότερος
1022 1189 1041 1273 ἡ
1061 1193 1169 1255 ΑΒΓ

98 1310 131 1358 10
152 1298 268 1363 εὐθεῖα
291 1300 410 1381 μείζων
433 1295 512 1380 έστί,
536 1298 787 1382 συναμφότερος
805 1298 869 1382 ἄρα
887 1295 907 1378 ἡ
927 1299 1032 1360 ΑΒΓ
1044 1300 1164 1381 μείζων

150 1402 218 1469 ἐστὶ
241 1412 299 1487 της
322 1408 404 1487 ΑΕ,
428 1401 579 1468 τουτέστι
603 1400 857 1489 συναμφοτέρου
881 1412 939 1486 τῆς
961 1406 1073 1468 ΑΛΓ.

624 1631 689 1700 νδ’.

217 1757 294 1824 Ἐὰν
313 1757 482 1844 τεσσάρων
500 1756 626 1822 ἀνίσων
645 1757 788 1822 εὐθειῶν
806 1758 843 1821 τὸ
863 1756 926 1822 ἀπὸ
941 1765 998 1840 τῆς
1011 1761 1166 1841 μεγίστης

150 1864 205 1931 καὶ
233 1874 291 1950 τῆς
319 1864 491 1949 ἐλαχίστης
520 1865 557 1928 τὸ
581 1867 837 1948 συναμφότερον
858 1863 1066 1949 τετράγωνον
1090 1869 1166 1928 ίσον

100 1967 173 2058 1ῠῇ
207 1971 446 2058 συναμφοτέρῳ
477 1980 523 2058 τῷ
556 1970 619 2035 ἀπὸ
652 1982 719 2035 τῶν
747 1976 887 2054 λοιπῶν,
919 1969 939 2053 ἡ
968 1969 1165 2054 συγκειμένη

153 2077 269 2141 εὐθεῖα
289 2076 324 2140 έκ
343 2086 401 2159 τῆς
418 2080 573 2160 μεγίστης
590 2075 646 2140 καὶ
660 2085 718 2160 τῆς
733 2075 902 2161 ἐλαχίστης
916 2076 1060 2142 ἐλάττων
1074 2079 1165 2142 ἔσται

153 2191 211 2266 τῆς
234 2181 449 2267 συγκειμένης
473 2181 507 2246 ἐκ
530 2194 597 2248 τῶν
620 2187 754 2248 λοιπῶν.

221 2292 369 2355 ἔστωσαν
392 2287 547 2374 τέσσαρες
569 2288 699 2353 εὐθεῖαι
722 2291 759 2353 αί
781 2294 862 2373 ΑΒ,
886 2292 957 2374 ΒΓ,
980 2294 1061 2375 ΑΒ,
1085 2293 1163 2373 ΕΖ,

155 2395 210 2462 καὶ
237 2399 373 2482 μεγίστη
402 2392 462 2480 μὲν
490 2407 605 2460 πασῶν
633 2398 715 2460 έστω
743 2395 763 2478 η
792 2403 824 2461 Α
830 2400 873 2480 Β,
901 2395 1052 2480 ἐλαχίστη
1082 2392 1118 2460 δέ
1146 2395 1166 2478 η

100 2515 134 2565 20
155 2507 232 2588 ΒΓ,
255 2503 275 2586 η
299 2500 336 2568 δὲ
355 2508 426 2568 ΔΕ
447 2511 505 2586 της
523 2507 586 2567 ΕΖ
608 2503 652 2587 μη
677 2501 821 2567 ε’λάττωυ
844 2505 937 2586 ἔστω,
961 2505 1042 2568 ἔστω
1067 2499 1104 2567 δὲ
1127 2503 1167 2567 τὰ

155 2609 218 2676 ἀπὸ
245 2614 326 2693 ΑΒ,
355 2612 423 2674 ΒΓ
446 2621 515 2685 τοῖς
543 2608 606 2674 ἀπὸ
630 2611 711 2692 ΑΕ,
739 2613 802 2672 ΕΖ
831 2613 894 2673 ἴσα.
941 2607 1041 2693 λε’γω,
1069 2609 1119 2674 ὅτι
1147 2608 1167 2692 ἡ

155 2720 225 2781 ΑΓ
243 2725 301 2799 της
325 2720 392 2780 ΑΖ
416 2714 559 2782 έλοίττων
582 2714 680 2779 έστίν.

221 2824 382 2905 ἤχθωσαν
414 2823 497 2908 πρὸς
529 2820 635 2907 ὀρθὰς
668 2822 705 2884 αί
732 2824 815 2904 ΒΗ,
847 2824 927 2904 ΕΘ,
960 2818 1015 2885 καὶ
1042 2824 1166 2886 κείσθω

227 3055 250 3102 1.
276 3049 376 3120 ΒΔΕ]
400 3038 459 3120 ΒθεΙ
477 3049 511 3103 V.
584 3049 682 3119 δυοῖν]
702 3048 754 3102 δύο
773 3066 799 3117 p.
891 3055 915 3102 3.
940 3047 1012 3119 ἄρα]
1037 3049 1167 3118 om.Vp‚

155 3137 224 3174 corr.
243 3118 352 3188 Halley.
424 3124 477 3172 ΒΑ
484 3120 524 3190 Γ]
542 3117 587 3172 bis
605 3118 639 3174 V.
708 3120 775 3190 τῶν]
795 3118 850 3188 ἄρα
869 3129 925 3175 τῶν
942 3137 969 3188 p.
1043 3125 1066 3174 6.
1088 3118 1168 3188 ίοηὴ
1281 3155 1283 3166 .

155 3193 228 3262 ΔΓ]
253 3190 297 3260 ίση
317 3189 428 3258 έστλνη
450 3194 499 3244 ΓΔ
520 3208 548 3258 p.
620 3191 670 3262 τῇ]
689 3208 720 3260 p,
745 3199 793 3260 τῆς
811 3191 844 3246 V.
936 3195 959 3244 7.
980 3188 1080 3259 μείζων
1095 3191 1168 3315 (μυχῷ
1282 3237 1283 3256 ,

156 3259 254 3330 μείζων
274 3258 330 3314 ἐστί
348 3279 375 3328 p.
459 3265 499 3313 10.
520 3261 631 3331 εὐθεῖα]
652 3277 704 3316 om.
724 3279 751 3329 p.
832 3267 873 3315 11.
893 3258 965 3332 ἐστί]
984 3280 1016 3330 p,
1042 3259 1166 3317 ἐστίν,
1280 3271 1282 3322 ξ

190 3333 322 3455 τῆςφωχ]
335 3349 363 3399 p,
384 3330 672 3399 corr.exoe‘1m.1V‚
690 3340 724 3402 τῇ
743 3350 768 3385 v.
826 3337 867 3386 12.
887 3331 947 3403 κδ’]
962 3348 1015 3386 om.
1028 3333 1061 3401 V,
1083 3333 1167 3403 νβ’ρ.
1280 3355 1282 3368 ⁴

192 3408 234 3525 ΒΞ.
253 3420 351 3542 Ξῖγτρ,
373 3470 462 3540 suppl.
481 3488 518 3524 m.
537 3487 590 3524 ree.
610 3471 642 3526 V.
716 3477 758 3525 21.
776 3473 845 3543 τοῖς]
866 3471 912 3527 ίσα
930 3481 988 3535 τοῖς
1005 3491 1032 3540 p.
1108 3471 1168 3544 ἴσα]

158 3555 210 3594 om.
229 3559 255 3608 p.
330 3547 371 3594 23.
392 3541 538 3611 ἤχθωσαν]
560 3541 680 3597 ἔστωσαν
699 3560 725 3610 p.

317 3402 377 3472 στη]
396 3418 451 3469 vp,
475 3398 566 3469 -γίοτη
586 3401 676 3470 suppl.
695 3420 731 3454 m.
751 3418 805 3457 rec.
824 3401 857 3455 V.
934 3403 1045 3473 πασῶν]
1067 3419 1120 3456 om.
1140 3421 1167 3471 p.
1280 3381 1282 3416 ³
