2604 3880
193 185 260 248 222
509 185 597 235 ΠΕΡΙ
615 184 744 234 ΚΩΕΟΤ
761 185 898 236 ΤΟΜΗΣ.

194 331 239 404 ὡς
262 335 399 414 εἴρηται,
422 327 673 411 συνισταμένων
697 329 886 391 ἰσοσκελῶν.
928 325 1063 409 ἐδείχθη
1087 323 1134 408 δέ,
1158 325 1210 388 ὅτι

193 432 273 499 οὐδὲ
296 434 480 518 ἐλάχιστον·
505 434 581 498 οὔτε
604 435 669 518 ἄρα
691 433 826 497 πάντων
849 430 1005 516 μέγιστόν
1023 431 1114 496 ε’στιν
1132 433 1209 496 οὔτε

194 540 374 624 ἐλάχιστον.

667 646 734 730 νβ’-

159 783 175 831 5
259 771 355 838 Ἀλλὰ
389 775 431 856 ὀὴ
468 775 549 837 ἔστω
587 772 607 854 ἡ
639 771 704 835 ὑπὸ
736 776 841 835 ΑΒΔ
877 770 1022 836 ἐλάττων
1058 771 1209 855 ἡμισείας

193 879 313 964 ὀρθῆς,
340 878 396 944 καὶ
423 879 635 962 ἐκβεβλήσθω
664 877 684 960 ἡ
712 882 828 960 ΑΒΕ,
859 876 915 942 καὶ
941 881 1066 942 κείσθω
1095 878 1115 961 ἡ
1143 882 1210 942 ΒΕ

194 993 248 1070 ἴση
275 995 315 1072 τῇ
344 987 475 1072 ἡμισείᾳ
501 994 559 1068 τῆς
583 985 619 1049 ἐκ
640 994 701 1049 τοῦ
724 983 878 1070 κέντρον,
905 982 960 1048 καὶ
984 985 1021 1049 ἐν
1043 994 1089 1072 τῷ
1112 984 1207 1071 ὀρθῷ

192 1095 275 1178 πρὸς
301 1095 360 1158 τὸν
386 1095 510 1158 κύκλον
538 1091 694 1180 ἐπιπέδῳ,
723 1091 760 1156 ἐν
787 1085 815 1178 ᾧ
841 1089 896 1155 καὶ
924 1091 1050 1175 ἡΑΕ,
1077 1102 1117 1177 τῇ
1140 1097 1210 1155 ΑΕ

192 1202 275 1285 πρὸς
302 1199 409 1286 ὀρθὰς
435 1201 530 1283 ἤχθω
557 1198 578 1281 ἡ
606 1203 684 1281 ΕΖ,
716 1209 755 1283 τῇ
784 1195 821 1262 δὲ
849 1202 915 1263 ΓΔ
941 1200 1024 1284 πρὸς
1051 1198 1158 1283 ὀρθὰς
1184 1199 1205 1280 ἡ

141 1317 174 1364 10
193 1311 276 1391 ΒΗ,
308 1305 364 1372 καὶ
394 1304 592 1370 ὑκοτεινέτω
620 1308 681 1389 τὴν
708 1305 774 1369 ὑπὸ
803 1309 912 1368 ΖΒΗ
934 1309 1061 1387 γωνίαν
1087 1304 1108 1387 ἡ
1138 1309 1211 1368 ΖΗ

192 1415 308 1479 εὐθεῖα
341 1419 395 1495 ἴση
423 1419 627 1477 συσταθεῖσαι
655 1421 694 1497 τῇ
725 1411 760 1476 ἐκ
790 1421 850 1476 τοῦ
881 1410 1036 1495 κε’ντρον,
1065 1410 1121 1476 καὶ
1151 1411 1205 1475 ἐτι-

192 1521 334 1602 εζεύχθω
358 1517 378 1600 ἡ
404 1523 476 1582 ΖΑ.

259 1623 328 1689 ἐπεὶ
362 1621 423 1691 οὖν
453 1623 473 1707 ἡ
503 1624 568 1689 ὑπὸ
599 1629 718 1706 ΑΒΔ,
752 1624 922 1689 τουτέστιν
951 1624 972 1707 ἡ
1001 1625 1067 1689 ὑπὸ
1098 1630 1205 1708 ΖΒΕ,

192 1732 336 1798 ἐλάττων
359 1729 449 1797 ἐστίν
472 1732 578 1815 ὀρθῆς
601 1730 759 1815 ἡμισείας,
782 1731 869 1816 ὀρθὴ
893 1728 929 1796 δὲ
952 1731 973 1814 ἡ
995 1733 1078 1817 πρὸς
1101 1742 1146 1820 τῷ
1165 1738 1205 1815 Ε,

141 1847 172 1894 15
191 1839 211 1922 ἡ
236 1841 299 1926 ὀίρσ
319 1843 384 1904 ΒΕ
400 1848 458 1922 τῆς
476 1843 539 1903 ΕΖ
562 1841 687 1923 μείζων.
729 1836 785 1902 καὶ
808 1837 877 1902 ἐπεὶ
899 1839 937 1904 τὸ
960 1837 1024 1903 ἀπὸ
1044 1843 1106 1902 ΖΒ
1132 1846 1205 1903 ἴσον

192 1944 260 2010 ἐστὶ
287 1957 356 2021 τοῖς
384 1945 447 2010 ἀπὸ
478 1949 555 2027 ΖΕ,
578 1950 657 2027 ΕΒ,
686 1940 734 2009 ὧν
760 1949 871 2029 μεῖζον
898 1946 935 2010 τὸ
964 1945 1027 2010 ἀπὸ
1054 1950 1119 2010 ΕΒ
1144 1955 1204 2010 τοῦ

191 2049 255 2116 ἀπὸ
284 2055 361 2134 ΖΕ,
388 2052 425 2115 τὸ
456 2053 520 2136 ἄρα
548 2050 611 2116 ἀπὸ
641 2056 702 2116 ΖΒ
731 2055 866 2117 ἔλαττον
893 2052 913 2136 ἢ
941 2053 1117 2117 διπλάσιον
1144 2062 1205 2118 τοῦ

191 2157 255 2222 ἀπὸ
275 2162 350 2222 ΒΕ·
375 2159 412 2222 τὸ
436 2159 500 2244 ἄρα
524 2158 588 2222 ἀπὸ
608 2163 681 2222 ΖΗ
694 2163 804 2242 μειῖον
822 2159 842 2242 ἢ
862 2160 1038 2224 διπλάσιόν
1056 2159 1125 2224 ἐστι
1143 2169 1204 2224 τοῦ

191 2264 254 2330 ἀπὸ
280 2270 354 2330 ΖΒ·
383 2270 501 2330 λοιποῦ
530 2266 594 2350 ἄρα
621 2274 680 2328 τοῦ
707 2264 770 2330 ἀπὸ
794 2270 869 2330 ΒΗ
886 2268 1021 2330 ἔλαττον
1044 2265 1064 2348 ἦ
1088 2267 1205 2332 θιιτλιί-

137 2379 171 2428 20
191 2375 266 2438 σιόν
293 2372 362 2437 ἐστι
389 2374 426 2437 τὸ
455 2371 518 2436 ἀπὸ
549 2375 624 2435 ΖΗ.
670 2369 725 2436 καὶ
752 2370 821 2436 ἐπεὶ
848 2371 868 2454 ἡ
894 2377 957 2436 ΕΒ
980 2371 1112 2456 ἡμίσειά
1135 2373 1205 2438 ἐστι

190 2489 247 2563 τῆς
275 2480 311 2545 ἐκ
337 2489 397 2544 τοῦ
425 2477 579 2564 κέντρον,
607 2479 644 2543 τὸ
672 2480 736 2564 ἄρα
763 2477 816 2554 δὶς
842 2479 907 2544 ὑπὸ
931 2483 1011 2561 ΑΒ,
1035 2484 1103 2544 ΒΕ
1129 2486 1204 2545 ἴσον

191 2585 259 2651 ἐστὶ
290 2596 336 2675 τῷ
368 2585 432 2652 ὀιτιὸ
461 2590 536 2650 ΒΑ.
587 2583 656 2650 ἐπεὶ
688 2582 749 2652 οὖν
781 2587 818 2650 τὸ
847 2585 910 2650 ἀπὸ
940 2590 1004 2649 ΖΑ
1033 2593 1106 2651 ἴσον
1135 2585 1204 2650 ἐστὶ

190 2706 259 2770 τοῖς
282 2693 346 2758 ἀπὸ
366 2698 447 2777 ΑΒ,
466 2697 530 2757 ΒΖ
553 2692 608 2758 καὶ
631 2703 676 2780 τῷ
701 2691 753 2770 ὀὶς
775 2693 839 2758 ὑιτὸ
861 2697 943 2776 ΑΒ,
963 2697 1040 2776 ΒΕ,
1064 2693 1147 2758 ἀλλὰ
1165 2695 1201 2758 τὸ

190 2799 243 2878 δὶς
265 2801 329 2866 ὑπὸ
353 2805 435 2884 ΑΒ,
458 2805 524 2864 ΒΕ
546 2807 620 2865 ίσον
644 2799 712 2864 ἐστὶ
735 2810 780 2888 τῷ
804 2799 867 2865 ἀπὸ
891 2804 968 2883 ΑΒ,
991 2801 1028 2864 τὸ
1052 2798 1116 2885 ἄρα
1139 2799 1203 2864 ἀπὸ

137 2911 170 2960 25
191 2912 256 2972 ΖΑ
285 2914 358 2971 ἴσον
385 2905 453 2971 ἐστὶ
481 2917 526 2994 τῷ
554 2931 588 2971 τε
617 2905 669 2982 δὶς
696 2906 759 2971 ἀπὸ
787 2912 853 2971 ΑΒ
881 2905 936 2971 καὶ
964 2916 1009 2992 τῷ
1037 2907 1100 2970 ἀπὸ
1125 2911 1203 2970 ΒΖ·

190 3014 228 3079 τὸ
251 3012 315 3100 ἄρα
339 3013 401 3078 ἀπὸ
424 3018 487 3077 ΖΑ
505 3017 615 3098 μεῖζον
637 3013 657 3096 ἢ
681 3012 857 3078 διπλάσιόν
877 3013 945 3079 ἐστι
964 3023 1024 3078 τοῦ
1044 3013 1106 3078 ἀπὸ
1126 3017 1203 3078 ΑΒ.

262 3197 287 3246 4
312 3188 373 3260 μβ]
400 3205 452 3243 om.
472 3189 518 3242 Vc
542 3188 703 3258 etHalley
732 3189 1050 3258 pfflwmgpetmrec
1069 3188 1103 3244 V.
1177 3194 1203 3243 6,

190 3263 288 3334 ABE]
307 3265 356 3315 AB
376 3257 465 3313 ἐπὶ
439 3279 470 3314 ιο
491 3263 559 3328 Ep.
642 3266 666 3314 8.
691 3261 813 3332 ιρΑΕ]
832 3277 885 3315 om
904 3279 931 3349 p
1014 3266 1038 3314 9.
1059 3260 1128 3350 ΕΖ]
1149 3262 1204 3313 ΕΖ

190 3355 224 3404 τῃ
242 3337 341 3402 AEp
413 3329 444 3403 ἡ]
463 3331 519 3399 ἀνή
536 3329 613 3385 θω
600 3352 617 3400 η
636 3350 663 3400 p
749 3336 789 3386 14.
810 3331 899 3402 ὀρθῆς
918 3329 1089 3403 ἡμισείας]“
1075 3333 1204 3401 ημισείας

192 3405 325 3476 ὀρ.θῆςμ
418 3408 458 3458 15.
479 3352 589 3474 μείὲων]
609 3401 708 3471 μείζων
727 3400 826 3471 &arip
920 3410 961 3458 16
981 3403 1037 3457 ἀπό
1052 3405 1102 3472 (pr
1104 3403 1138 3492 )]
1144 3402 1203 3456 ἀπὸ

190 3484 290 3545 τῶνρ.
360 3479 412 3530 ΕΒ
427 3473 510 3545 (altu
530 3476 627 3542 ΒΕ
702 3479 743 3528 17.
766 3475 834 3546 ΖΕ]
854 3478 952 3544 EZp
1025 3473 1100 3544 issp,
1119 3468 1203 3545 ᾖῖίο.

225 3549 287 3618 τοῦ]
308 3546 476 3618 ἐστιτοῦρ.
551 3550 592 3598 18.
600 3492 692 3616 ΡὴἿμ,
712 3537 801 3616 ᾖόῙο.
874 3551 916 3601 23.
936 3544 1005 3615 ἀπό]
1024 3546 1081 3599 ἀπὸ
1100 3554 1155 3599 τῶν
1173 3562 1203 3614 p
