2594 3878
162 215 225 279 188
473 219 561 269 ΠΕΡΙ
579 216 707 268 wop
725 218 860 270 ΤοκΗΣ.

161 365 192 424 Ε
212 361 295 443 πρὸς
320 364 355 424 Ζ.
401 355 496 442 ἦκται
524 362 587 446 ἄρα
616 360 672 424 διὰ
695 368 754 424 τοῦ
778 358 895 436 ἄξονος
917 361 954 424 τὸ
977 363 1051 424 AN
1054 357 1085 430 Ξ
1105 362 1169 444 τρί-

162 489 285 550 γωνον,
309 466 354 543 ὡς
377 465 587 531 ἐπιτέτακται.

635 687 699 746 κη.

228 789 274 851 El
295 786 335 852 δέ
355 812 405 864 τις
430 787 527 871 λέγει,
550 787 600 852 ὅτι
623 789 660 852 τὸ
684 787 923 871 συνιστάμενον
947 785 1000 850 ἐπὶ
1023 795 1080 870 τῆς
1105 791 1173 850 ΗΘ

128 897 327 979 οτρίγοονον
355 898 465 980 μεῖζον
498 894 649 980 ὑπάρχον
678 903 738 958 τοῦ
769 898 844 959 ΗΚ
848 899 876 958 Θ
906 892 958 958 ἐπὶ
988 894 1028 957 τὰ
1056 903 1117 958 τοῦ
1147 898 1176 958 Θ

163 1000 244 1087 μέρη
272 1004 332 1086 την
359 1003 511 1086 κορυφὴν
538 1000 616 1084 ἕξει,
644 1003 845 1085 συμβήσεται
869 999 1045 1065 ἀδύνατον.
1092 1003 1173 1064 ἔστω

162 1109 236 1195 γάρ,
260 1112 290 1174 εἰ
312 1109 467 1190 δυνατόν,
491 1108 604 1184 οὕτως.
651 1106 719 1173 ἐπεὶ
743 1104 804 1174 οὖν
828 1114 897 1172 ἴσαι
920 1109 957 1172 αἱ
978 1111 1060 1191 ΚΛ,
1084 1111 1174 1190 MA,

162 1218 258 1300 κοινη
286 1212 323 1280 δὲ
350 1214 370 1298 ἡ
399 1219 483 1300 ΛΗ,
509 1214 529 1297 ἡ
558 1211 595 1278 δὲ
622 1215 687 1279 ὑπὸ
711 1219 830 1279 ΜΛΗ
849 1217 954 1297 γωνία
977 1217 1096 1298 μείζων
1118 1223 1174 1298 τῆς

162 1323 228 1388 ὑπὸ
247 1326 365 1405 ΚΛΗ,
388 1325 506 1406 μείζων
528 1323 592 1407 ἄρα
616 1321 636 1403 ἡ
656 1326 739 1386 ΜΗ
757 1330 814 1405 τῆς
833 1325 912 1386 ΚΗ.
950 1322 1005 1385 διὰ
1028 1323 1068 1385 τὰ
1091 1321 1175 1386 αὐτὰ

113 1447 145 1494 10
165 1431 206 1512 δη
230 1428 285 1494 κοιλ
307 1427 327 1511 ἡ
351 1432 419 1492 ΚΘ
441 1437 499 1512 τῆς
524 1433 602 1493 ΘΜ
619 1431 746 1512 μείζων.
793 1427 861 1493 ἐπεὶ
885 1423 947 1494 οὖν
969 1427 990 1510 ἡ
1013 1425 1074 1513 μέν
1097 1432 1178 1492 ΜΗ

165 1544 222 1618 τῆς
246 1538 319 1599 HK
339 1538 456 1618 μείζων
480 1535 583 1618 ἐστίν,
607 1534 627 1617 ἡ
652 1533 688 1600 δὲ
711 1540 786 1600 ΜΘ
808 1545 865 1618 της
890 1539 959 1600 ΘΚ
979 1533 1174 1619 έλολττων,ἡ

166 1643 230 1727 ἄρα
258 1645 342 1705 ΜΗ
363 1643 446 1725 πρὸς
474 1645 547 1706 ΗΚ
571 1646 703 1726 μείζονα
730 1645 832 1725 λόγον
859 1645 923 1726 ἔχει
951 1643 1032 1727 ἥπερ
1057 1641 1077 1724 ἡ
1102 1646 1178 1707 ΜΘ

165 1749 249 1833 πρὸς
274 1751 352 1813 ΘΚ·
375 1747 430 1812 κοιλ
454 1747 591 1826 ἐναλλὰξ
615 1751 679 1834 ἄρα
701 1746 721 1831 ἡ
742 1753 826 1813 ΗΜ
842 1750 926 1834 πρὸς
951 1753 1028 1814 ΘΜ
1045 1753 1178 1833 μείζονα

167 1859 267 1938 λόγον
296 1859 360 1940 ἔχει
387 1857 469 1941 ἥπερ
497 1853 516 1938 ἡ
543 1859 616 1919 ΗΚ
635 1857 718 1940 πρὸς
741 1859 816 1920 ΚΘ.
862 1858 998 1920 έλοιττον
1021 1857 1085 1938 ἄρα
1109 1855 1179 1922 ἐστὶ

117 1980 148 2028 15
168 1965 205 2028 τὸ
233 1967 348 2027 ΗΜΘ
374 1972 434 2026 τοῦ
462 1966 582 2027 ΗΚΘ·
616 1963 695 2047 ὅπερ
726 1962 905 2028 ἀδύνατον·
936 1961 1087 2028 ὑπέκειτο
1115 1965 1180 2049 γὰρ

167 2072 286 2153 μεῖζον.
337 2068 397 2132 οὐκ
427 2071 491 2153 ἄρα
522 2067 574 2134 ἐπὶ
603 2070 644 2132 τὰ
673 2078 733 2133 τοῦ
765 2073 794 2133 Θ
822 2068 905 2154 μέρη
934 2071 995 2154 τὴν
1025 2073 1181 2156 κορυφὴν

168 2174 231 2253 ἕξει
254 2176 290 2240 τὸ
314 2178 492 2259 τρίγωνον·
516 2173 569 2240 ἐπὶ
591 2176 631 2238 τὰ
654 2185 714 2240 τοῦ
737 2180 777 2240 Η
795 2177 859 2260 ἄρα
882 2175 964 2262 μέρη
987 2175 1059 2254 έξει.

641 2369 710 2436 κθ’.

234 2495 310 2562 Ἐὰν
323 2508 430 2574 κῶνος
444 2497 606 2580 σκαληνὸς
624 2497 680 2560 διὰ
698 2505 758 2561 τοῦ
777 2495 894 2574 ἄξονος
912 2495 1054 2584 ἐπιπέδῳ
1069 2504 1181 2584 τμηθῇ

117 2619 151 2667 κο
169 2607 252 2689 πρὸς
279 2604 385 2690 ὀρθὰς
412 2615 452 2690 τῇ
479 2605 587 2688 βάσει,
618 2612 675 2667 τοῦ
703 2599 740 2667 δὲ
767 2601 946 2686 γενομένου
972 2605 1138 2688 τριγώνου
1161 2603 1182 2686 ἡ

170 2711 233 2777 ἀπὸ
261 2720 320 2795 τῆς
346 2721 496 2796 κορυφῆς
524 2709 576 2776 έπὶ
601 2713 662 2794 την
684 2711 783 2793 βάσιν
806 2711 947 2786 κάθετος
968 2712 1012 2794 μη
1037 2709 1181 2776 ἐλάττων

170 2813 191 2904 ᾗ
214 2827 271 2901 της
295 2817 329 2882 ἐκ
353 2827 413 2882 τοῦ
435 2817 574 2903 κέντρον
601 2826 659 2900 τῆς
681 2817 822 2900 βάσεως,
851 2817 886 2880 τὸ
909 2818 992 2902 πρὸς
1014 2816 1121 2901 ὀρθὰς
1144 2827 1183 2902 τῇ

244 3016 267 3063 1.
290 3010 322 3080 Ζ]
342 3009 393 3079 την
414 3013 476 3078 Zp,
496 3013 549 3063 ΕΖ
567 3009 620 3064 Vc.
683 3014 707 3063 3.
727 3009 787 3081 κη’]
802 3027 857 3078 mg.
872 3027 908 3062 m.
923 3009 1021 3078 rec.V,
1041 3025 1093 3064 om.
1105 3010 1183 3079 ch.

207 3087 232 3136 4.
256 3077 340 3152 λέγει]
367 3098 418 3149 vc,
446 3097 514 3134 corr.
539 3097 573 3135 ex
596 3077 671 3150 λέγοι
693 3099 729 3134 m.
755 3080 821 3150 IV,
850 3077 924 3150 λέγοι
946 3099 972 3150 p.
1061 3087 1084 3134 7.
1114 3080 1183 3154 ἴσαι]

173 3152 230 3208 ἴσαι
263 3148 332 3207 εἰσίν
359 3171 386 3221 p.
470 3157 511 3206 10.
540 3148 592 3206 οὖν
619 3153 636 3221 ἡ
665 3149 728 3277 μένὲ
755 3150 800 3205 bis
824 3169 846 3206 e.
912 3158 952 3206 11.
977 3153 1051 3223 ΜΘ]
1075 3155 1133 3208 ΚΘ
1156 3171 1183 3223 p.

211 3227 268 3280 ΘΚ
287 3221 416 3294 ἐλάττων]
438 3225 503 3277 ΘΜ
517 3241 543 3292 p.
612 3229 653 3276 12.
672 3242 709 3291 πρ
728 3223 752 3294 ς]
771 3230 820 3292 τῆς
837 3241 865 3292 p.
934 3228 976 3276 13.
996 3222 1063 3294 ἄρα]
1083 3239 1136 3278 om.

208 3297 288 3367 ΗΜ]
309 3299 418 3364 MHp.
494 3295 571 3366 ΘΜ]
592 3296 654 3348 ΜΘ
672 3313 698 3364 p.
777 3300 818 3348 14.
840 3295 914 3366 ΗΚ]
934 3297 993 3349 ΗΘ
1011 3313 1037 3363 p.
1112 3243 1176 3349 ἐστὶ)

173 3387 263 3438 omp.
310 3367 627 3438 15.ΗΜΘ]ΜΘΗΡ.
678 3366 923 3436 ΗΚΘ]ΚΗΘρ.
974 3367 1136 3489 lapago&
1177 3411 1184 3435 ,

172 3457 240 3494 corr.
261 3457 294 3494 ex
318 3436 416 3508 μείζων
440 3456 476 3492 m.
497 3444 511 3490 1
532 3455 558 3506 ο,
585 3434 683 3506 μείζων
701 3455 728 3505 p.
809 3437 871 3508 τοῦ]
896 3436 1007 3505 addidi,
1033 3454 1086 3490 om.
1138 3455 1185 3508 op.

209 3517 250 3565 17.
274 3509 420 3581 τρίγωνον]
445 3508 491 3562 ἐπὶ
513 3517 562 3578 τῆς
580 3511 638 3563 ΗΘ
661 3505 861 3575 συνιστάμενον
880 3506 1015 3576 τρίγωνον
1034 3511 1128 3576 μεῖζον
1152 3506 1186 3564 ὂν

172 3589 222 3635 τοῦ
242 3583 331 3636 ΚΗΘ
349 3599 375 3649 p.
436 3578 490 3644 ἕξει
509 3579 592 3650 (1111)]
616 3595 669 3633 om.
688 3597 715 3647 p.
798 3582 839 3632 18.
863 3579 929 3650 κέν’]
952 3597 1006 3648 mg.
1026 3597 1062 3633 m.
1081 3595 1136 3633 rec.
1152 3581 1186 3650 V,
