2594 3878
171 241 234 305 112
439 245 526 296 ΠΕΡΙ
543 243 758 296 mmor
774 245 912 296 Τουεῑε.

169 387 325 452 ἐπίπεδον
351 395 472 452 ποιοῦν
500 386 536 452 ἐν
563 385 609 476 τῳ
632 388 728 476 κώνῳ
751 388 789 453 τὸ
813 388 869 452 διὰ
891 395 952 452 τοῦ
975 385 1091 466 ἄξονος
1113 389 1185 473 τρί-

168 517 279 576 γωνον
301 495 338 558 τὸ
357 497 476 578 ΒΗΘ,
499 491 555 558 καὶ
577 503 616 579 τῇ
641 498 702 559 ΓΖ
724 495 808 581 πρὸς
830 494 939 581 ὀρθὰς
960 495 1054 577 ἤχθω
1077 492 1098 576 ἡ
1119 495 1188 557 ΓΚ

170 599 207 665 ἐν
233 609 279 689 τῳ
306 609 366 664 τοῦ
396 605 423 665 Ζ
449 601 573 665 κώκλου
597 600 739 689 ἐπιπέδῳ
763 597 858 685 οὖσα,
880 598 937 665 καὶ
959 601 1016 664 διὰ
1037 609 1096 682 τῆς
1120 602 1188 663 ΓΚ

169 703 225 771 καὶ
256 703 409 792 ἑκατέρας
440 719 507 772 τῶν
538 709 617 790 ΓΛ,
642 711 705 772 ΓΕ
730 709 824 792 ἤχθω
856 707 994 773 ἐπίπεδα
1023 704 1185 790 τέμνοντα

134 825 151 873 5
170 813 228 878 τὸν
255 823 365 878 κῶνον
392 811 447 877 καὶ
469 817 603 878 ποιείτω
627 815 683 878 διδ
705 823 764 897 τῆς
786 823 888 898 τομῆς
911 813 948 879 ἐν
970 810 1031 898 μέν
1052 823 1092 899 τῇ
1116 811 1186 877 ἐπι-

170 922 291 1006 φανείῳ
317 928 377 984 τοῦ
405 920 515 984 κώνου
539 920 597 997 τὰς
621 924 747 1003 AAM,
770 921 876 995 ΝΕΞ
894 919 1060 1007 γραμμάς,
1088 919 1124 984 ἐν
1148 915 1186 983 δέ

169 1035 215 1114 τῳ
247 1035 307 1091 τοῦ
339 1030 413 1092 ΒΗ
416 1030 445 1091 Θ
476 1027 642 1112 τριγώνου
671 1025 813 1115 ἐπιπέδῳ
843 1028 902 1104 τὰς
932 1029 1011 1109 ΛΓ,
1033 1030 1107 1092 ΝΓ
1131 1026 1185 1092 εὐ-

169 1135 277 1210 θείας·
311 1133 481 1219 διάμετροι
508 1135 572 1219 δίρα
599 1145 667 1198 τῶν
690 1138 818 1217 ΛΔΜ,
842 1133 948 1207 NE&
967 1143 1077 1219 τομῶν
1099 1135 1186 1198 εἰσιν

170 1242 207 1304 αἱ
232 1244 322 1322 ΛΜ,
345 1239 416 1312 ΝΞ
436 1240 574 1305 εὐθεῖαι.
621 1242 781 1324 ἤχθωσαν
802 1244 920 1306 τοίνυν
943 1238 996 1306 ἐπὶ
1018 1241 1076 1316 τὰς
1099 1243 1185 1322 AM,

118 1358 151 1407 10
170 1346 241 1420 ΝΞ
266 1343 461 1431 διαμέτρους
488 1347 526 1411 αι’
546 1353 580 1412 A
587 1352 629 1430 0,
652 1351 726 1412 ΕΠ
744 1345 949 1432 τεταγμένως
970 1345 1026 1412 καὶ
1048 1362 1185 1432 προσεκ-

170 1453 411 1537 βεβλήσθωσαν
439 1451 492 1518 ἐπὶ
517 1454 663 1540 θάτερον
685 1453 784 1540 μέρος
806 1463 865 1536 τῆς
888 1452 1081 1538 ἐπιφανείας
1103 1452 1186 1515 κατὰ

170 1560 207 1624 τὸ
231 1562 261 1622 Ρ
279 1555 335 1622 καὶ
353 1563 393 1622 Σ.
431 1557 499 1623 ἐπεὶ
522 1555 584 1626 οὖν
606 1558 626 1642 ἡ
652 1563 716 1624 ΓΔ
739 1560 854 1625 εὐθεῖα
873 1569 931 1642 τῆς
950 1563 1069 1624 ΛΑΜ
1082 1582 1186 1644 γραμ-

170 1674 233 1750 μῆς
256 1663 433 1748 ἐφάπτεται
455 1666 538 1730 κατὰ
559 1667 595 1731 τὸ
614 1671 647 1730 A
666 1677 811 1751 σημεῖον,
829 1664 885 1731 καὶ
903 1675 1060 1748 κατῆκται
1078 1688 1187 1748 τεταγ-

170 1769 276 1856 μένως
298 1771 319 1855 ἡ
343 1777 425 1856 AO,
449 1769 493 1850 ώς
516 1775 580 1859 ἄρα
603 1773 623 1857 ἡ
647 1776 716 1838 ΛΓ
733 1775 816 1859 πρὸς
838 1774 900 1857 τὴν
923 1776 1009 1856 ΓΜ,
1037 1772 1144 1848 οὕτως
1165 1771 1186 1855 ἡ
1291 1821 1292 1846 1

118 1890 151 1939 15
171 1883 237 1944 AO
259 1879 342 1965 πρὸς
364 1880 424 1963 τὴν
450 1884 535 1944 OM·
561 1877 616 1944 καὶ
640 1879 696 1944 διὰ
718 1881 758 1944 τὰ
782 1879 879 1963 αὐτοί,
903 1876 948 1956 ώς
970 1879 990 1963 ἡ
1013 1881 1086 1944 ΝΓ
1103 1878 1187 1964 πρὸς

169 1988 230 2069 τὴν
250 1984 320 2068 ΓΞ,
343 1985 449 2062 οὕτως
471 1985 491 2069 ἡ
510 1991 589 2052 ΝΠ
607 1985 691 2071 πρὸς
713 1987 774 2070 τὴν
797 1986 877 2059 ΠΞ·
900 1985 921 2068 ἡ
940 1987 1005 2071 ἄρα
1023 1986 1063 2050 τδι
1082 1990 1111 2050 0
1129 1983 1186 2050 καὶ

170 2097 209 2156 Π
228 2103 345 2175 σημεῖα
372 2090 630 2174 ἐπιζευγνύουσα
653 2093 769 2157 εὐθεῖα
792 2090 1013 2177 ἐκβαλλομένη
1036 2090 1105 2174 ἥξει
1128 2092 1186 2155 διὰ

170 2207 228 2280 τῆς
259 2207 410 2284 κορυφῆς
439 2199 495 2262 διὰ
523 2197 560 2262 τδ
588 2197 652 2285 πρδ
681 2200 810 2264 τούτου.
861 2200 990 2282 διήχθω
1018 2201 1134 2263 τοίνυν
1164 2197 1186 2280 ἡ

172 2309 283 2370 ΟΠΒ.
328 2303 384 2369 καὶ
411 2303 480 2369 ἐπεὶ
508 2303 643 2390 ἑκατέρα
671 2316 738 2371 τών
765 2310 846 2390 ΕΣ,
869 2310 938 2370 ΔΡ
961 2313 1000 2390 τῇ
1029 2307 1096 2370 ΓΚ
1116 2303 1187 2368 ἐστι

117 2425 151 2478 20
169 2412 392 2499 παράλληλος,
428 2413 465 2477 αλ
497 2413 561 2499 ἄρα
592 2417 671 2496 AP,
699 2417 769 2477 ΕΣ
796 2412 1004 2499 παράλληλοί
1033 2411 1070 2477 τέ
1100 2413 1187 2477 εἰσιν

171 2519 327 2601 ἀλλήλαις
354 2516 409 2584 καὶ
437 2517 473 2582 έν
501 2515 553 2582 ἐνί
578 2520 664 2583 εἰσιν
691 2517 842 2607 ἐπιπέδῳ.
892 2517 930 2583 τὸ
958 2514 1020 2583 οὖν
1048 2518 1104 2582 διδ
1126 2527 1188 2600 τῆς

170 2630 274 2690 ΒΠΟ
301 2623 356 2691 καὶ
383 2637 450 2690 τών
477 2629 558 2709 ΕΣ,
582 2630 652 2690 AP
676 2625 832 2690 ἐπίπεδον
860 2624 1100 2709 ἐκβαλλόμενον
1122 2626 1186 2708 τὴν

170 2734 274 2816 τομὴν
301 2734 430 2815 ποιήσει
457 2737 622 2818 τρίγωνον
650 2733 686 2799 ἐν
714 2744 753 2820 τῇ
776 2741 836 2798 τοῦ
861 2734 972 2798 κώνου
995 2731 1186 2820 ἐπιφανείᾳ·

170 2840 210 2903 τδι
242 2840 306 2923 ἄρα
333 2844 365 2902 Ε
390 2837 445 2903 καὶ
472 2844 505 2902 A
534 2850 651 2924 σημεῖα
678 2839 715 2904 έν
741 2849 781 2926 τῇ
809 2839 984 2926 ἐπιφανείᾳ
1013 2840 1093 2903 ὄντα
1122 2847 1185 2904 τοῦ

116 2956 151 3004 25
170 2945 281 3010 κώνου
313 2942 366 3008 ἐπὶ
392 2949 537 3030 πλευρᾶς
564 2944 632 3010 ἐστι
660 2947 827 3031 τριγώνου
853 2954 913 3010 τοῦ
943 2943 1119 3030 τέμνοντος
1147 2944 1186 3009 τὸ

170 3055 276 3115 ΒΗΘ
303 3053 467 3136 τρίγωνον
493 3053 576 3115 κατὰ
600 3053 661 3135 τὴν
684 3055 788 3117 ΒΠΟ
811 3052 956 3118 εὐθεῖαν.
1002 3051 1124 3136 ὁμοίως
1148 3048 1186 3116 δέ

171 3159 339 3223 δείκνυται
367 3155 420 3222 ἐπὶ
447 3168 515 3222 τῶν
538 3156 774 3242 ἐφαπτομέυων
795 3171 911 3225 πασῶν
933 3156 989 3224 καὶ
1011 3168 1078 3222 τών
1100 3159 1187 3222 κατὰ

170 3265 207 3330 τδ
231 3269 261 3328 Ρ
279 3261 334 3328 καὶ
357 3268 392 3328 Σ
414 3263 651 3348 ἐφαπτομένων
673 3264 711 3329 τὸ
735 3264 816 3330 αὐτὸ
840 3269 1034 3350 συμβαῖνον.
1079 3273 1186 3330 πᾶσαι
1286 3331 1287 3338 ,

171 3425 383 3434 ..—.—-.—-

244 3526 693 3600 16.v02]t6Vc‚eorr.Halley.
767 3529 1072 3601 22.ΒΠο]βςί’ποο.
1140 3535 1185 3583 26.

172 3599 726 3670 BHO]vc,etHOecorr.m.1V.
783 3605 824 3654 28.
846 3602 881 3673 P]
899 3617 946 3670 vc,
965 3616 1021 3653 non
1039 3598 1129 3667 liquet
1149 3601 1186 3655 V.
1285 3639 1286 3682 ρ
