2574 3882
146 187 188 250 72
415 188 503 238 ΠΕΡΙ
520 186 735 238 ΚΤΛΙΝΔΡΟΤ
753 185 889 237 ΤΟΜΗΣ.

147 335 245 397 ΓΒΔ
272 331 431 419 τριγώνῳ.
483 327 538 394 καλ
565 327 635 394 έπελ
661 328 682 411 ή
710 333 773 393 ΒΖ
800 327 909 413 τέμνει
936 331 997 413 τήν
1024 334 1109 414 ΒΗ,
1139 330 1163 414 ή

146 442 209 501 ΒΖ
233 440 303 522 άρα
320 436 541 521 ἐκβαλλομένη
563 436 671 512 πάσας
693 437 751 513 τὰς
773 447 812 522 τῇ
835 439 909 500 ΒΗ
926 439 1164 522 παραλλήλους

143 541 198 610 .έπ’
228 535 366 630 άπειρον
394 542 634 628 ἐκβαλλομένας
661 541 782 627 τέμνει·
815 541 870 607 καὶ
897 544 935 607 αλ
955 544 1164 630 παράλληλοι

148 646 210 717 οὖν
232 659 271 735 τή
290 655 353 714 ΒΖ
376 651 434 726 τας
452 661 491 736 τή
510 654 584 714 ΒΗ
598 651 829 734 παραλλήλους
847 648 1032 734 τέμνουσιν.
1063 652 1163 735 ήχθω

112 769 128 816 σ
148 765 187 842 τή
206 761 269 821 ΒΖ
286 757 496 844 παράλληλος
513 755 533 839 ή
553 761 636 821 ΜΝ
649 754 704 820 καὶ
725 755 924 839 ἐκβληθεῖσα
942 755 1083 840 τεμνέτω
1102 758 1165 833 τὰς

150 867 231 947 ΘΛ,
250 867 320 928 ΕΚ
335 865 475 928 κατὰτὰ
495 863 531 947 Ξ,
548 867 576 927 0
594 875 720 947 σημεῖα,
739 861 794 927 καλ
812 871 851 947 τή
871 867 902 927 Ε
907 867 936 927 Θ
952 863 1167 948 παράλληλος

147 971 243 1054 ἤχθω
266 969 287 1053 ή
310 974 378 1035 ΚΛ
400 967 456 1034 καλ
478 967 553 1056 περὶ
576 971 637 1053 τήν
655 973 723 1034 ΚΛ
742 968 919 1054 διάμετρον
941 971 1061 1046 κύκλος
1077 991 1166 1055 παρ

148 1077 289 1160 άλλήλος
315 1087 360 1165 τῷ
387 1074 462 1161 περὶ
491 1078 550 1160 τήν
573 1081 651 1140 ΕΘ·
684 1078 883 1159 νοήθήσεται
907 1077 948 1159 δή
970 1077 1166 1162 κύλινδρος,

149 1179 190 1248 οὗ
221 1183 334 1268 βάσεις
365 1179 426 1268 μὲν
458 1185 492 1248 οἱ
521 1187 600 1266 ΕΘ,
623 1185 692 1246 ΚΛ
723 1183 853 1266 κύκλοι,
885 1183 922 1248 τὸ
953 1179 990 1247 δὲ
1017 1183 1073 1247 διά
1100 1193 1167 1247 τοῦ

97 1303 131 1351 10
150 1288 267 1368 άξονος
289 1293 632 1376 παραλληλόγραμμον
654 1291 691 1354 τὸ
714 1293 796 1372 ΚΘ,
820 1290 975 1372 δηλονότι
1001 1287 1056 1354 καὶ
1079 1289 1168 1354 αὐτὸ

148 1397 231 1481 πρὸς
254 1395 360 1480 ὀρθάς
384 1395 423 1460 δν
445 1405 485 1480 πή
503 1396 606 1480 βάσει.
642 1394 698 1460 καλ
717 1395 775 1460 έδιν
793 1395 850 1460 διὰ
867 1404 927 1460 τοῦ
946 1401 990 1461 Μ
1003 1405 1043 1481 τῇ
1063 1399 1168 1460 ΓΔΖ

149 1501 243 1585 βάσει
265 1502 348 1587 πρὸς
371 1500 477 1588 ὀρθάς
499 1496 673 1586 άγάγωμεν
692 1503 753 1585 τὴν
772 1506 848 1566 ΜΡ
863 1502 899 1566 έν
917 1511 962 1590 τῳ
981 1502 1070 1590 αύτῳ
1093 1501 1166 1566 έπι-

148 1605 237 1694 πέδῳ
262 1601 367 1672 οὖσαν
389 1616 435 1694 τῷ
454 1613 486 1671 Α
509 1608 618 1695 κύκλῳ
641 1606 696 1672 καὶ
720 1609 776 1672 διὰ
799 1619 866 1673 τῶν
884 1613 964 1692 ΜΡ,
983 1613 1057 1673 ΜΟ
1076 1609 1167 1672 διεκ-

149 1712 323 1798 βάλλωμεν
341 1713 507 1798 ἐπίπεδον,
525 1717 654 1798 ποιήσει
673 1714 709 1779 έν
727 1711 788 1799 μὲν
806 1725 851 1802 τῷ
870 1716 965 1803 κώνῳ
984 1715 1045 1798 τήν
1064 1719 1172 1779 ΝΣΤ

98 1833 131 1882 15
151 1823 307 1904 ἔλλειψιν,
332 1819 368 1885 έν
392 1817 428 1885 δὲ
450 1829 496 1904 τῷ
519 1822 686 1909 κυλίνδρῳ
711 1822 770 1904 τὴν
796 1822 909 1905 ΘΦΞ,
934 1822 1101 1908 διάμετροι
1125 1819 1167 1887 δὲ

149 1936 207 2010 τής
229 1923 290 2011 μέν
312 1925 333 2009 ή
356 1931 436 2011 ΝΤ,
459 1936 516 2012 τής
539 1923 575 1992 δέ
599 1928 618 2012 ή
641 1928 710 2002 ΟΞ.
748 1925 831 2010 λέγω
856 1929 912 2011 δή,
938 1929 988 1993 ὅτι
1011 1929 1031 2012 ή
1055 1933 1172 1993 ΝΣΤ

151 2035 294 2110 έλλειψις
315 2044 355 2119 πή
381 2033 483 2106 ΟΦΞ
504 2033 644 2113 ἐλλείψει
667 2034 763 2118 ὁμοία
787 2034 885 2099 ἐστίν.

218 2135 287 2202 ε’πελ
315 2141 377 2225 γάρ
406 2142 443 2205 αλ
465 2145 551 2224 ΟΜ,
575 2144 638 2204 ΒΖ
661 2141 868 2226 παράλληλοί
889 2143 975 2206 εἰσιν
996 2141 1168 2226 ἀλλήλαις,

151 2244 235 2309 ἀλλὰ
253 2243 308 2310 καὶ
326 2247 364 2310 αλ
379 2250 455 2330 ΕΚ,
476 2251 550 2330 ΘΛ,
569 2251 643 2311 ΒΗ
657 2247 860 2333 παράλληλοι
880 2247 1045 2330 ἀλλήλαις,
1067 2250 1167 2332 κοινή

98 2365 133 2414 20
152 2349 189 2416 δὲ
211 2351 232 2435 ή
255 2355 319 2417 ΕΖ
342 2351 460 2438 τέμνει,
484 2356 573 2418 ἔστιν
596 2354 670 2439 άρα,
694 2353 738 2429 ὡς
760 2352 780 2436 ή
802 2357 879 2417 OM
896 2355 978 2441 πρὸς
1000 2355 1061 2436 τήν
1079 2358 1168 2438 ΜΕ,

151 2459 323 2525 τουτέστιν
347 2459 391 2537 ὡς
413 2459 433 2544 ή
459 2459 524 2532 ΟΞ
542 2461 625 2546 πρὸς
647 2460 707 2543 τήν
728 2464 805 2545 ΘΕ,
828 2460 934 2537 οὕτως
956 2459 976 2542 ή
995 2465 1058 2524 ΒΖ
1081 2463 1168 2548 πρὸς

151 2568 212 2650 τήν
242 2570 323 2631 ΖΗ·
356 2565 411 2632 καλ
438 2567 482 2642 ὣς
509 2568 573 2651 άρα
601 2567 638 2631 τὸ
667 2565 730 2631 άπὸ
758 2575 815 2648 τής
844 2566 908 2640 ΟΞ
932 2567 1015 2651 πρὸς
1037 2569 1074 2632 τὸ
1097 2567 1166 2632 ἀπὸ

151 2682 210 2758 τής
230 2677 298 2758 ΘΕ,
317 2675 422 2750 οὕτως
440 2674 477 2738 τὸ
497 2671 560 2738 άπὸ
579 2681 637 2756 τής
655 2677 717 2737 ΒΖ
736 2673 819 2758 πρὸς
837 2673 874 2737 τὸ
894 2671 1050 2757 άπδΖΗ,
1069 2697 1167 2739 τουτ-

154 2778 222 2844 έστι
244 2781 327 2864 πρὸς
350 2781 386 2845 τὸ
409 2780 475 2844 ὑπὸ
496 2790 563 2843 τῶν
587 2782 662 2862 ΓΖ,
683 2783 757 2843 ΖΔ.
804 2777 875 2843 ἀλλ’
897 2779 942 2856 ὡς
959 2777 1019 2864 μὲν
1042 2782 1079 2846 τὸ
1099 2780 1166 2847 άπὸ

101 2899 135 2948 25
154 2893 212 2968 τής
232 2885 295 2958 ΟΞ
316 2883 493 2969 διαμέτρου
512 2886 595 2966 πρὸς
612 2887 649 2950 τὸ
669 2883 732 2949 άπὸ
751 2894 809 2968 τής
829 2889 901 2969 ΘΕ,
920 2886 1026 2964 οὕτως
1044 2889 1081 2952 τὸ
1101 2887 1168 2954 ἀπὸ

153 2999 211 3073 τής
245 2989 308 3062 ΟΞ
337 2989 515 3075 διαμέτρου
545 2992 627 3077 πρὸς
658 2991 695 3055 τὸ
729 2989 792 3055 άπὸ
820 3000 877 3074 τής
904 2995 1067 3075 συζυγοῦς
1094 2994 1168 3058 διοι-

153 3094 286 3182 μέτρου,
309 3093 388 3181 φέρε
411 3105 469 3179 τής
494 3100 583 3179 ΦΨ,
607 3097 651 3172 ὡς
675 3093 711 3160 δὲ
732 3098 769 3161 τὸ
788 3097 852 3162 άπὸ
870 3107 928 3182 τής
946 3103 1009 3162 ΒΖ
1027 3101 1111 3184 πρὸς
1127 3101 1168 3165 τὸ

153 3203 219 3268 ὑπὸ
242 3212 309 3266 τῶν
334 3205 408 3285 ΓΖ,
433 3207 512 3285 ΖΛ,
536 3203 641 3280 ούτως
663 3204 700 3268 τὸ
724 3203 787 3268 άπὸ
811 3212 868 3288 τής
891 3209 965 3269 ΝΤ
988 3205 1168 3291 διαμέτρου

228 3403 251 3452 1.
271 3397 343 3467 ΒΗ]
368 3399 422 3449 ΗΒ
443 3413 470 3464 p.
544 3401 569 3449 2.
588 3397 659 3466 ΒΗ]
684 3401 739 3450 ΗΒ
758 3415 784 3465 p.
863 3401 886 3450 9.
906 3395 1012 3470 βάσεις]
1031 3417 1062 3468 p,
1086 3396 1171 3470 βάσις

154 3471 208 3525 Vc.
293 3473 334 3522 13.
353 3472 391 3539 τῷ
409 3472 430 3520 Α
450 3467 553 3539 κύκλῳ]
572 3476 630 3529 τοῖς
648 3467 761 3530 κύκλοις
778 3485 805 3536 p.
888 3467 1105 3541 διεκβάλλιομεν]
1124 3471 1170 3524 δι-

155 3539 315 3614 εκβάλωμεν
333 3557 360 3608 p.
444 3544 485 3593 14.
506 3539 614 3609 ΝΣΤ]
633 3544 709 3606 στρ.
797 3545 839 3592 15.
860 3537 994 3611 ἔλλειψιν]
1015 3539 1121 3612 ἔλειψιν
1139 3560 1170 3611 p.
