2604 3880
164 187 228 250 272
475 189 562 238 ΠΕΡΙ
579 187 707 239 Κααον
726 187 863 242 ΤοΜΗΣ.

166 334 228 397 δύο
255 334 401 418 τρίγωνα
427 332 468 396 τδι
493 334 609 414 ΓΑΔ,
637 335 737 394 ΕΑΖ
765 330 878 412 βάσεις
901 336 974 406 ίσας
1002 332 1081 414 ἔχει,
1110 333 1176 413 ἔχει

165 437 202 504 δὲ
228 437 284 503 καὶ
310 440 372 522 τὴν
399 437 462 502 οάιὸ
488 447 546 521 τῆς
568 446 719 522 κορυφῆς
742 434 794 501 ἐαὶ
817 437 878 520 τὴν
901 437 1094 520 διχοτομίαν
1117 446 1176 520 τῆς

165 545 291 630 βάσεως
317 543 462 629 ἡμμένην
489 546 551 628 τὴν
578 544 697 627 αὐτήν,
724 542 745 625 ἡ
773 539 810 606 δὲ
838 551 898 607 τοῦ
922 541 1035 629 ἑτέρου
1058 545 1177 628 μείζων

165 654 290 738 πλευρὰ
318 653 401 738 πρὸς
423 653 484 735 τὴν
508 650 664 716 ἐλάττονα
687 653 819 734 μείζονα
842 653 943 733 λόγον
966 653 1031 734 ἔχει
1048 650 1130 735 ἥπερ
1154 649 1175 733 ἡ

132 776 148 823 5
167 768 227 823 τοῦ
254 757 367 843 ἑτέρον
396 761 514 842 μείζων
536 758 619 843 πρὸς
641 759 702 840 τὴν
726 757 898 840 ἐλάττονα,
926 755 981 821 καὶ
1004 758 1045 822 τδι
1067 758 1174 842 λοιποί,

165 869 202 932 τὸ
230 868 293 952 ἄρα
317 869 419 930 ΕΑΖ
446 868 611 950 τρίγωνον
639 865 775 928 ἔλαττόν
803 863 885 928 ἐστι·
914 867 1023 948 μεῖζον
1051 866 1114 950 ίίρα
1136 866 1174 930 τὸ

168 976 265 1038 ΓΑΔ
287 975 452 1059 τρίγωνον
475 979 535 1035 τοῦ
554 975 654 1035 ΕΑΖ
679 967 737 1057 [ὡς
761 969 894 1054 ἐδείχθη
912 973 1103 1057 θεωρήματι
1123 968 1177 1036 ιθ’

166 1088 226 1144 τοῦ
249 1080 382 1164 πρῶτον
406 1079 563 1162 βιβλίον]

639 1279 704 1338 νη.

115 1398 148 1446 10
238 1385 312 1445 Τῶν
345 1386 427 1445 ίσων
455 1376 516 1464 μὲν
543 1376 599 1444 καὶ
626 1379 742 1464 ὀρθῶν
768 1379 900 1462 κώνων,
934 1377 1101 1463 ἀνομοίων
1130 1379 1178 1464 δέ,

168 1486 389 1554 ἀντιπέπονθε
416 1487 457 1551 τὰ
485 1486 541 1550 διὰ
563 1495 623 1550 τοῦ
647 1484 764 1563 ἄξονος
786 1480 932 1571 τρίγωνα
954 1497 1027 1563 ταῖς
1050 1483 1179 1551 ἑαυτῶν

166 1595 311 1679 βάσεσιν.

233 1703 380 1766 ἔστωσαν
413 1709 515 1764 κῶνοι
544 1697 644 1785 ὀρθοὶ
671 1697 727 1764 καὶ
757 1705 837 1783 ίσοι,
870 1698 1022 1784 ἀνόμοιοι
1046 1698 1096 1783 δέ,
1130 1695 1179 1764 ὧν

167 1804 314 1894 κορυφαὶ
337 1803 397 1891 μὲν
419 1807 459 1870 τὰ
478 1812 519 1890 Α,
543 1810 571 1870 Β
595 1818 722 1890 σημεῖα,
745 1804 859 1884 ἄξονες
882 1802 918 1870 δὲ
942 1808 977 1870 οί
993 1810 1078 1890 ΑΗ,
1101 1811 1179 1890 ΘΒ,

116 1929 149 1978 15
168 1915 208 1978 τδι
245 1911 282 1978 δὲ
314 1914 370 1978 διδι
401 1924 468 1978 τῶν
501 1911 628 1991 ἀξόνων
660 1916 805 1999 τρίγωνα
837 1914 877 1978 τὰ
909 1916 1029 1998 ΑΓΔ,
1066 1917 1179 1998 ΒΕΖ,

168 2021 279 2104 βάσεις
302 2016 338 2084 δδ
361 2031 429 2084 τῶν
451 2020 570 2084 κώνων
588 2021 623 2084 οί
638 2017 714 2106 περὶ
732 2021 791 2096 τὰς
810 2023 881 2103 ΓΔ,
900 2024 963 2084 ΕΖ
982 2019 1180 2106 διαμέτρους

167 2127 292 2190 κύκλοι.
343 2124 442 2209 λέγω,
475 2125 540 2208 ὅτι,
573 2126 617 2200 ὡς
649 2127 686 2190 τὸ
714 2129 812 2191 ΑΓΛ
841 2131 1006 2212 τρίγωνον
1032 2127 1115 2212 πρὸς
1141 2127 1179 2191 τὸ

168 2237 281 2316 ΒΕΖ,
304 2231 411 2308 οὕτως
434 2229 454 2313 ἡ
478 2235 542 2296 ΕΖ
565 2231 661 2314 βάσις
683 2233 766 2317 πρὸς
788 2234 849 2316 τὴν
873 2235 942 2297 ΓΔ.

236 2337 304 2404 ἐπεὶ
332 2339 395 2425 νδιρ
424 2343 491 2402 ίσοι
519 2335 604 2402 είσὶν
633 2339 668 2402 οί
692 2349 809 2422 κῶνοι,
838 2339 883 2416 ὡς
910 2341 975 2426 ἄρα
1002 2339 1020 2404 ὁ
1043 2336 1119 2425 περὶ
1142 2340 1180 2404 τὸ

119 2460 153 2510 20
172 2451 211 2511 H
229 2445 368 2532 κέντρον
390 2446 510 2522 κύκλος
532 2447 615 2531 πρὸς
637 2446 697 2510 τὸν
719 2443 794 2531 περὶ
813 2447 849 2510 τὸ
871 2450 900 2510 Θ
917 2447 1051 2530 κύκλον,
1075 2446 1181 2523 οὕτως

169 2552 278 2636 VB&
304 2553 387 2638 πρὸς
413 2553 474 2636 τὴν
497 2555 577 2616 ΑΗ.
624 2551 641 2617 ὁ
669 2548 707 2616 δδ
732 2550 808 2637 περὶ
837 2553 873 2624 τὸ
897 2555 937 2616 Η
955 2554 1075 2629 κύκλος
1097 2554 1181 2638 πρὸς

169 2660 228 2724 τὸν
254 2657 329 2744 περὶ
357 2660 394 2723 τὸ
421 2663 449 2723 Θ
471 2659 595 2724 κύκλον
617 2660 816 2724 διπλασίονα
839 2662 940 2742 λόγον
963 2661 1028 2743 ἔχει
1050 2660 1133 2744 ἤπερ
1157 2660 1178 2742 ι]

241 2822 265 2869 3.
285 2812 420 2887 ἠρμένην]
439 2834 490 2884 vp,
509 2811 592 2884 ἠρμέ-
611 2831 691 2868 euan.
706 2815 740 2884 V,
758 2831 815 2883 rep.
830 2833 885 2885 mg.
901 2833 936 2869 m.
951 2831 1005 2870 rec.
1067 2822 1091 2870 6.
1112 2815 1180 2886 ἐστι]

171 2885 228 2941 ἐστι
249 2895 298 2941 τοῦ
323 2891 404 2940 ΓΑΔ
425 2905 452 2955 p.
545 2892 567 2940 7.
592 2887 629 2948 ὡς
652 2883 767 2956 ἐδείχθη
788 2918 820 2926 -
840 2891 864 2940 8.
884 2887 1004 2959 βιβλίον]
1028 2885 1061 2956 V,
1091 2885 1180 2940 deleo.

209 2981 231 3029 7.
247 2973 487 3044 θεωρήματι-8,
503 2972 622 3047 βιβλίον]
643 2973 724 3029 ἐντῶ
743 2980 799 3030 κ’(υ
816 2975 979 3044 θεωρήματι
996 2993 1022 3044 p.
1079 2980 1102 3028 9.
1118 2974 1180 3046 νη’]

172 3063 224 3100 om.
244 3045 277 3114 V,
306 3045 352 3103 νς’
372 3064 398 3115 p.
490 3051 532 3100 11.
560 3045 620 3171 τά]
636 3062 690 3101 om.
708 3031 741 3101 V.
835 3052 875 3101 12.
904 3045 1033 3118 βάσεσιν]
1057 3045 1103 3100 hic
1122 3046 1181 3100 des.

171 3117 219 3171 fol.
239 3121 308 3170 235u
325 3116 358 3186 V,
386 3134 441 3186 mg.
461 3135 496 3172 m.
516 3133 604 3172 τιατ
640 3115 702 3187 ἑξῆς
722 3117 842 3172 ἔστωσαν
861 3126 954 3174 κῶνοι.
1038 3124 1080 3172 13.
1102 3116 1182 3171 ἔστω-

171 3206 224 3244 σαν
242 3220 278 3227 -
296 3185 396 3259 ὀρθοί]
419 3206 474 3257 vp,
502 3204 582 3242 euan.
597 3188 630 3257 V,
659 3205 716 3259 rep.
735 3207 791 3259 mg.
810 3207 845 3243 m.
865 3205 918 3243 rec.
993 3194 1036 3243 14.
1062 3189 1137 3312 ΘΒ]
1153 3206 1180 3257 v,

173 3263 296 3315 &enan
311 3258 344 3327 V,
364 3261 417 3314 ΒΘ
435 3277 462 3328 p.
523 3265 564 3314 15.
588 3261 682 3331 ΑΓΔ]
701 3260 757 3314 Ιὶῶ.
779 3265 827 3314 ΓΔ
846 3276 948 3314 ecorr.
967 3278 994 3328 p.
1052 3265 1093 3313 16.
1138 3279 1182 3313 ια-

171 3328 297 3402 μὲτροος]
317 3347 369 3384 om.
379 3347 407 3399 p.
463 3335 504 3385 18.
525 3333 617 3402 BEZ]
636 3349 686 3400 vp,
706 3337 823 3386 Beuan.
833 3331 867 3400 V,
886 3349 941 3402 mg.
958 3334 1057 3400 ,ΑΕΖ
1070 3330 1101 3383 in
1115 3347 1183 3399 apo-

171 3401 286 3470 grapho.
310 3401 411 3455 melius
426 3405 507 3456 ΒΕΖ
521 3418 555 3456 ex
570 3401 775 3470 superioribus“
790 3421 826 3457 m.
836 3418 889 3457 rec.
946 3408 987 3456 20.
1007 3399 1137 3472 κέντρον]
1153 3419 1182 3471 p,

172 3489 251 3527 euan.
267 3472 300 3542 V,
319 3489 377 3541 rep.
392 3490 447 3542 mg.
462 3491 497 3528 m.
513 3489 580 3542 rec.;
600 3490 653 3527 om.
669 3492 694 3528 v.
766 3479 808 3528 21.
829 3474 871 3600 U
890 3474 938 3528 uel
952 3477 980 3528 K
996 3473 1053 3542 Vv,
1073 3477 1102 3526 H
1118 3470 1183 3530 κέν-

170 3561 237 3609 τρον
255 3561 281 3612 p.
355 3549 396 3598 22.
416 3564 467 3599 -να
485 3543 568 3614 λόγον
589 3543 655 3616 ἔχει]
674 3563 728 3614 vp,
749 3561 828 3600 euan.
870 3588 877 3614 ,
896 3561 953 3615 rep.
968 3562 1024 3613 mg.
1038 3562 1075 3598 m.
1090 3560 1145 3599 rec.
