2574 3882
155 156 199 220 24
425 156 513 206 ΠΕΡΙ
527 153 746 206 ’ΚΤΛΙΝΔΡΟΤ
763 153 899 204 ΤΟΜΗΣ.

157 302 190 368 Γ
190 305 223 364 Δ
246 300 389 364 εὐθειῶν
413 279 623 382 ἐκβεβλήσθω
648 296 803 362 ἐπίπεδον
826 293 946 380 τέμνον
973 295 1032 360 τὸν
1054 295 1172 358 κύλινε

157 407 253 491 δρον·
276 404 345 488 ἥξει
368 406 431 492 ἄρα
454 405 475 490 ἡ
493 407 575 490 τομὴ
597 405 653 469 διδι
671 413 731 470 τοῦ
751 407 783 468 Γ
800 401 856 468 καὶ
878 404 1007 485 ποιησει
1030 401 1173 466 εὐθεῖαν

158 513 202 588 ὡς
224 513 285 596 τὴν
309 515 384 596 ΓΕ,
406 513 477 594 ἥτις
501 510 570 578 ἐστὶ
592 513 717 596 πλευρδι
739 519 799 576 τοῦ
822 510 1013 595 κυλίνδρου.

604 765 611 782 ι
641 750 684 808 η,

123 861 139 909 5
223 849 298 916 Ἐδιν
326 847 378 914 ἐπὶ
405 850 587 934 κυλίνδρου
613 848 806 932 ἐπιφανείας
828 849 890 913 δύο
914 860 1031 932 σημεῖα
1053 854 1171 933 ληφθῇ

159 959 202 1042 μη
227 955 279 1022 ἐπὶ
301 967 377 1041 μιᾶς
400 957 481 1021 ὄντα
503 951 646 1042 πλευρᾶς
668 965 728 1021 τοῦ
746 956 1089 1041 παραλληλογράμμου
1108 963 1171 1018 τοῦ

159 1065 215 1130 διὰ
232 1073 292 1129 τοῦ
312 1063 429 1142 ἄξονος
448 1072 508 1128 τοῦ
530 1065 723 1150 κυλίνδρου,
741 1061 762 1145 ἡ
781 1061 1035 1146 ἐπιζευγνυμένη
1054 1063 1172 1127 εὐθεῖα

159 1171 252 1248 ἐντὸς
273 1182 420 1236 πεσεῖται
442 1180 499 1254 τῆς
521 1179 581 1235 τοῦ
604 1170 787 1255 κυλίνδρου
810 1169 1011 1254 ἐπιφανείας.

226 1281 308 1342 ἐστω
336 1277 527 1362 κύλινδρος,
553 1272 594 1342 οὗ
617 1277 729 1360 βάσεις
752 1273 837 1341 είσλν
859 1277 895 1340 οί
918 1281 965 1359 Α,
988 1279 1016 1339 Β
1043 1276 1172 1356 κύκλοι,

108 1395 141 1443 10
160 1381 216 1448 καὶ
239 1385 390 1466 είληφδω
410 1381 462 1447 ἐπὶ
485 1391 542 1466 τῆς
566 1383 758 1466 ἐπιφανείας
780 1383 883 1447 αὐτοῦ
906 1383 968 1446 δύο
991 1394 1107 1466 σημεῖα
1130 1382 1172 1445 τὰ

162 1492 203 1571 Γ,
217 1495 250 1553 Δ
268 1490 311 1572 μη
331 1490 411 1553 ὄντα
430 1486 482 1552 ἐπὶ
500 1497 576 1572 μιᾶς
593 1493 738 1574 πλευρᾶς
753 1497 813 1553 τοῦ
827 1489 1170 1575 παραλληλογράμμου

160 1604 220 1660 τοῦ
249 1595 304 1658 διὰ
331 1603 391 1659 τοῦ
419 1592 535 1672 ἄξονος
561 1603 621 1659 τοῦ
643 1596 841 1680 κυλίνδρου,
863 1593 918 1660 καὶ
941 1594 1124 1678 ἐπεζεύχθω
1148 1593 1169 1677 η

162 1705 227 1767 ΓΔ
255 1701 378 1766 εὐθεῖα.
424 1699 522 1784 λέγω,
551 1701 600 1766 ὅτι
628 1701 648 1784 η
677 1703 743 1766 ΓΔ
771 1701 862 1778 ἐντὸς
888 1705 998 1767 πίπτει
1020 1711 1078 1785 της
1100 1701 1169 1767 ἐπι-

160 1813 308 1895 φαυείας.

110 1931 142 1979 15
228 1918 259 1980 εί
284 1915 347 1999 γὰρ
376 1915 534 1998 δυνατόν,
561 1912 704 1979 πιπτέτω
732 1913 752 1997 ἢ
781 1912 833 1980 ἐπὶ
855 1923 913 2000 τῆς
936 1913 1128 2000 ἐπιφανείας
1151 1913 1171 1996 ἢ

162 2021 254 2098 ἐκτὸς
276 2020 387 2104 αὐτῆς.
432 2017 487 2084 καὶ
511 2018 579 2084 ἐπεὶ
602 2021 642 2084 τδι
666 2024 708 2104 Γ,
726 2027 759 2085 Λ
782 2032 898 2105 σημεῖα
922 2022 983 2086 οὔκ
1006 2020 1096 2086 ἐστιν
1118 2019 1171 2086 ἐπὶ

161 2137 219 2212 της
242 2127 344 2210 αὐτῆς
365 2132 509 2212 πλευρᾶς
531 2137 591 2192 τοῦ
614 2128 808 2214 κυλίνδρου,
831 2129 925 2212 ἤχθω
950 2129 1006 2192 διδ
1029 2125 1089 2212 μὲν
1111 2136 1171 2192 τοῦ

164 2239 196 2302 Γ
218 2235 239 2319 η
266 2237 364 2299 ΕΓΖ
390 2233 530 2319 πλευραί,
558 2235 614 2298 διδι
642 2231 679 2298 δὲ
705 2244 765 2299 τοῦ
789 2241 822 2299 Α
844 2234 865 2318 ἡ
888 2239 1012 2319 ΗΔΘ,
1039 2233 1093 2299 καὶ
1119 2234 1174 2299 ἐπ-

163 2343 372 2426 εζεύχθωσαν
395 2342 432 2405 αί
451 2345 536 2424 ΕΗ,
561 2345 625 2405 ΖΘ
647 2341 788 2406 εὐθεῖαι·
813 2341 905 2418 ἐντὸς
930 2342 994 2428 δίρα
1016 2345 1172 2408 πίπτουσι

111 2463 145 2512 20
163 2461 231 2515 τῶν
253 2450 384 2514 κύκλων
406 2449 443 2512 αί
458 2451 542 2532 ΕΗ,
563 2452 634 2512 ΖΘ.
671 2451 822 2533 είληφθω
841 2473 873 2513 τι
892 2461 1027 2533 σημεῖον
1046 2447 1099 2513 ἐπὶ
1117 2457 1175 2532 τῆς

165 2561 229 2622 ΓΔ
252 2558 288 2622 τὸ
308 2559 352 2620 Κ·
389 2554 427 2618 τὸ
451 2555 492 2638 δη
511 2559 546 2619 Κ
565 2556 639 2637 ἤτοι
662 2553 714 2620 ἐπὶ
737 2563 794 2638 τῆς
817 2553 1010 2638 ἐπιφανείας
1028 2552 1096 2620 ἐστὶ
1114 2563 1174 2619 τοῦ

163 2665 347 2748 κυλίνδρου
368 2662 389 2746 ἢ
408 2663 506 2738 ἐκτός.
544 2665 626 2727 ἐσται
645 2665 807 2748 πρότερον
826 2659 879 2726 ἐπὶ
897 2671 955 2745 τῆς
973 2661 1176 2746 ἐπιφανείας,

164 2769 219 2836 καλ
247 2771 302 2834 διὰ
330 2777 389 2833 τοῦ
414 2772 448 2833 Κ
466 2770 562 2852 ἤχθω
584 2771 710 2855 πλευρδι
733 2777 793 2833 τοῦ
815 2769 997 2854 κυλίνδρου
1020 2769 1040 2852 ἡ
1065 2772 1181 2833 ΛΚΜ

166 2877 281 2941 εὐθεῖα
303 2878 468 2940 πίπτουσα
492 2873 544 2939 ἐπὶ
566 2875 625 2951 τδις
642 2879 726 2958 ΕΗ,
747 2879 809 2940 ΖΘ
828 2877 1039 2962 περιφερείας
1062 2875 1176 2958 ἐκβαλ-

113 2996 147 3045 25
167 2980 297 3067 λομένη.
344 2979 522 3068 οὐδετέραν
545 2983 608 3068 ἄρα
631 2993 721 3066 τεμεῖ
741 2993 808 3048 τῶν
830 2987 914 3066 ΕΗ,
934 2987 998 3047 ΖΘ
1020 2983 1176 3048 εὐθειῶν·

237 3234 261 3283 3.
283 3229 352 3300 ΓΕ]
372 3227 453 3297 ch,
476 3232 557 3283 ΖΓΕ
574 3227 685 3298 ΗοΠεγ,
707 3232 728 3283 Z
745 3229 798 3284 ins.
818 3248 854 3283 m.
874 3234 890 3282 2
910 3229 970 3284 cod.
987 3228 1075 3284 Paris.
1096 3235 1176 3302 2367,

166 3317 341 3387 eoscomm.
427 3316 546 3389 πλευραί]
565 3334 641 3388 vop,
670 3316 818 3386 -ράεοειι,
838 3318 871 3372 V.
959 3324 982 3373 5.
1003 3307 1176 3391 δίο]βλλο.

202 3389 312 3460 ληφθῇ]
331 3386 456 3459 ληφθείη
472 3407 499 3459 p.
555 3395 579 3444 9.
600 3385 681 3460 εἰσίν]
702 3388 822 3444 ἔστωσαν
840 3407 867 3458 p.
923 3389 966 3460 οἱ]
986 3406 1054 3445 corr.
1070 3405 1104 3444 ex
1117 3391 1135 3460 η
1149 3408 1176 3459 p.

204 3501 245 3550 10.
267 3495 331 3565 δύο]
352 3497 369 3566 β
388 3512 410 3552 c.
493 3501 534 3551 13.
554 3495 614 3568 τῆς]
632 3503 682 3565 τῆς
699 3505 749 3550 τοῦ
768 3493 919 3564 κυλίνδρου
937 3514 964 3565 p.
1045 3501 1085 3550 18.
1106 3497 1143 3567 Δ]
1163 3513 1178 3550 ε
