2594 3878
463 198 513 247 on
533 197 709 248 sacriora
729 197 823 249 coru.
1084 194 1148 258 193

135 342 203 405 ΓΔ
230 339 411 424 parallelas.
460 361 574 404 uerum
603 343 642 403 Η
644 342 708 404 ΓΔ
727 369 769 392 =
784 341 888 404 ΑΓΔ
915 337 1021 423 [Eucl.
1040 337 1071 423 I,
1089 339 1147 424 37]

125 445 226 533 (nam
251 446 288 510 in
315 446 426 510 eadem
453 446 524 510 basi
553 450 629 511 sunt
658 450 690 510 et
717 445 752 509 in
774 445 890 510 iisdem
912 442 1090 532 parallelis)
1114 450 1148 509 et

135 544 239 618 ΗΕΖ
260 584 300 606 ==
320 557 421 618 ΑΕΖ
448 552 534 637 [id.];
561 553 672 637 itaque
700 555 804 617 ΑΓΛ
821 563 856 626 >
875 556 986 618 ΑΕΖ.
1035 553 1148 616 eodem

133 665 244 724 autem
267 660 363 724 modo
387 660 638 744 demonstratur,
660 681 735 724 eum
758 658 857 723 etiam
881 660 1031 723 omnibus
1049 659 1149 723 trian-

133 766 220 852 gulis
244 767 338 830 bases
362 771 469 832 rectae
489 769 554 831 ΓΔ
576 766 748 850 parallelas
772 765 968 830 habentibus
992 767 1146 831 maiorem

133 894 214 937 esse.
256 893 333 958 ergo
352 879 384 937 A
391 875 456 937 ΓΛ
479 873 638 937 maximus
663 877 713 938 est
736 873 881 938 omniurn
899 872 1148 958 triangulorum,

133 979 191 1063 qui
224 979 318 1043 bases
351 984 457 1044 rectae
491 982 557 1044 ΓΛ
587 979 758 1064 parallelas
790 980 928 1058 habent;
960 979 1046 1063 quod
1078 984 1148 1044 erat

133 1087 430 1150 demonstrandum.

592 1209 692 1274 XXX.

203 1331 260 1398 Sin
287 1339 377 1400 recta
400 1336 440 1400 ab
465 1340 497 1398 A
520 1335 561 1399 ad
585 1338 649 1400 ΓΔ
670 1333 945 1419 perpendicularis
968 1333 1075 1398 minor
1098 1338 1148 1399 est

132 1439 239 1524 radio,
269 1444 375 1505 ΑΓΛ
404 1441 564 1532 maximus
595 1464 662 1506 non
693 1442 756 1506 erit
785 1440 1024 1526 triangulorum
1052 1441 1146 1505 bases

131 1551 240 1612 rectae
269 1550 334 1613 ΓΛ
356 1549 527 1633 parallelas
550 1547 753 1634 habentium3
781 1547 1014 1612 demonstratio
1038 1551 1147 1612 autem

131 1656 301 1740 figuraque
325 1656 436 1719 eadem
459 1659 518 1719 est.

199 1761 353 1844 quoniam
371 1761 457 1826 enim
474 1765 542 1825 ΗΒ
561 1761 668 1826 minor
686 1764 736 1825 est
751 1761 852 1845 radio,
866 1765 906 1825 H
907 1763 972 1825 ΓΛ
986 1762 1146 1824 maximus

130 1890 198 1932 non
218 1869 281 1932 erit
300 1889 422 1951 eorum,
437 1867 493 1951 qui
511 1868 606 1932 bases
625 1867 655 1931 ei
673 1867 845 1952 parallelas
865 1867 1000 1945 habent3
1019 1867 1148 1932 demon·
1183 1853 1185 1858 ’

132 1974 310 2039 strauimus
330 1974 416 2038 enim
435 1974 540 2059 [prop.
558 1972 629 2059 ΧΠ,
647 1973 829 2058 triangulos
849 1978 882 2038 et
900 1972 1037 2038 maiores
1057 1996 1095 2038 eo
1115 1978 1148 2038 ct

131 2081 274 2146 minores
299 2085 331 2145 et
355 2082 504 2164 aequales
528 2081 681 2146 construi.
734 2080 800 2144 iarn
829 2081 857 2144 si
883 2083 980 2144 ΗΓΔ
996 2091 1030 2153 <
1049 2084 1146 2145 ΗΕΖ

131 2188 194 2253 erit
222 2188 321 2252 etiam
350 2189 453 2251 ΑΓΛ
468 2197 502 2258 <
516 2191 629 2270 ΑΕΖ,
658 2187 709 2251 sin
729 2189 834 2250 ΗΓΔ
851 2197 885 2261 >
905 2190 1020 2269 ΗΕΖ,
1048 2187 1147 2252 etiam

131 2296 237 2360 ΑΓΛ
251 2305 284 2366 >
301 2297 415 2379 ΑΕΖ,
438 2297 471 2358 et
493 2293 637 2378 aequalis
661 2293 774 2358 eodem
797 2293 902 2357 modo.

578 2487 696 2551 XXXI.

200 2612 235 2678 Si
262 2613 297 2677 in
325 2634 406 2678 cono
435 2611 562 2677 scaleno
589 2633 648 2695 per
675 2609 831 2674 uerticem
858 2609 963 2694 planis
993 2614 1081 2675 secto
1109 2611 1144 2675 in

130 2720 265 2786 basibus
296 2718 460 2805 parallelis
492 2717 648 2803 trianguli
677 2715 872 2801 aequicrurii
900 2720 1142 2801 construuntur,

130 2827 201 2892 axis
225 2831 335 2892 autem
358 2826 431 2892 coni
453 2847 519 2889 non
537 2823 644 2888 minor
663 2827 712 2888 est
731 2822 821 2887 radio
840 2822 939 2909 basia,
961 2822 1144 2910 triangulus

130 2933 351 3017 aequicrurius
379 2954 437 3016 per
464 2953 558 2996 axem
585 2930 701 2995 ductus
729 2929 888 2995 maximus
912 2929 974 2995 erit
998 2931 1143 2996 omnium

130 3039 407 3123 aequicruriorum
430 3038 470 3102 ad
493 3059 564 3101 earn
587 3041 713 3122 partem
736 3058 849 3101 uersus
875 3041 1147 3122 constructorum,

130 3147 171 3212 ad
195 3168 292 3230 quam
316 3145 384 3210 axis
407 3143 582 3210 inclinatus
607 3147 664 3207 est.

198 3253 242 3317 sit
266 3273 377 3336 conus,
401 3252 492 3316 ouius
516 3250 585 3314 axis
610 3249 652 3313 sit
671 3254 746 3334 AB,
768 3250 856 3314 basis
876 3255 986 3314 autem
1005 3251 1144 3315 circulus

167 3487 208 3536 19.
234 3478 398 3604 ἐπιπέδοιςῑ]
419 3477 563 3542 ἐπιπέδοις
585 3474 721 3547 spaciosi
744 3495 771 3546 p.
862 3482 904 3531 24.
934 3477 949 3531 ὁ
972 3474 1059 3548 περί]
1075 3489 1146 3552 vop,

6 3613 7 3616 Ἴ
131 3553 222 3623 suppl.
243 3571 278 3608 m.
298 3569 351 3606 rec.

184 3652 310 3692 Serenus
325 3650 531 3701 narianensis,
545 3649 579 3689 od.
594 3648 702 3698 Hciberg.
952 3642 986 3689 13
