2594 3878
440 247 489 296 Da
508 245 685 297 saeuouu
704 246 799 298 eouu.
1059 244 1122 308 125

180 389 315 454 dueatur
333 393 439 454 rectae
461 391 521 452 ΓΒ
539 388 694 473 parallela
712 393 786 452 ΔΕ.
821 388 975 471 quoniam
994 394 1090 464 [ΔΑ
1097 393 1128 453 Γ

112 499 220 560 reolus
249 500 311 579 eal,
339 498 480 570 [ΔΕΓ
502 495 637 559 obtusus
664 499 714 559 est
738 494 978 579 [Eu01.1‚1ss];
1011 496 1122 579 itaque

13 599 14 660 Ῐ
112 608 145 666 Δ
151 605 183 666 Γ
192 614 226 674 >
241 607 311 666 ΛΕ
331 601 436 685 [Euel.
455 601 480 686 I,
502 602 565 684 19].
612 623 709 685 quare

291 711 351 772 ΓΔ
365 732 371 771 :
387 713 453 772 ΛΑ
466 718 501 781 >
515 713 584 772 ΕΔ
598 731 605 771 :
620 714 690 772 ΔΑ
713 708 818 792 [Euel.
837 707 877 792 V,
897 708 946 792 8],

13 905 15 936 Ι
111 815 141 878 h.
162 837 187 878 e.
212 815 317 898 [Euel.
336 813 392 898 VI,
410 815 445 898 4]
469 824 502 887 >
519 817 579 878 ΓΒ
595 839 602 877 :
617 819 691 880 BA.

589 1027 647 1092 Ill.

181 1151 217 1216 si
240 1174 339 1216 conus
363 1157 470 1218 reulus
493 1175 551 1237 per
573 1152 730 1216 uerticem
759 1153 864 1236 planis
893 1156 1033 1235 secatur,
1063 1153 1122 1215 tri-

113 1260 307 1345 angulorum
324 1259 359 1322 in
378 1259 576 1324 sectionibus
591 1262 745 1342 ortorum,
765 1259 821 1342 qui
835 1260 985 1344 aequales
999 1259 1121 1323 habena

113 1367 220 1451 bases,
242 1366 327 1430 inter
351 1388 384 1430 se
409 1370 484 1430 sunl
508 1365 667 1450 aequales.

120 1463 122 1468 ⁵
581 1472 626 1536 sil
659 1495 772 1558 conus
809 1473 899 1538 euius
932 1477 1043 1536 uertex
1080 1471 1123 1535 sit

514 1583 671 1663 punctum
688 1585 726 1664 A,
748 1579 835 1644 basis
855 1584 964 1644 autem
983 1579 1120 1644 circulus

515 1685 636 1750 circum
677 1690 824 1750 centrum
862 1689 890 1749 B
932 1685 1122 1770 descriptus,

514 1813 595 1856 eone
619 1796 728 1856 aulem
755 1813 813 1875 per
837 1791 992 1856 uerlieem
1015 1791 1120 1875 planis

515 1903 602 1962 seeto
644 1897 827 1962 efficiantur
866 1897 1023 1983 trianguli
1063 1919 1121 1981 per

515 2005 690 2068 sectionem
723 2003 800 2088 orti3
831 2026 907 2067 nam
939 2003 1120 2088 triangulos

514 2111 639 2176 efficere
667 2111 736 2175 eius
764 2110 852 2174 medi
882 2110 1055 2194 sectiones,
1086 2110 1121 2173 in

514 2217 585 2282 aliis
601 2219 843 2282 demonslralur
857 2216 1021 2301 [Apellen.
1036 2217 1061 2300 Ι,
1077 2217 1120 2300 3].

439 2380 440 2384 ,
511 2323 622 2408 itaque
655 2323 760 2389 effecti
793 2323 859 2387 sint
886 2327 997 2407 ΑΓΔ,
1020 2328 1120 2387 ΑΕΖ

515 2431 664 2514 aequales
678 2430 835 2494 habentes
852 2431 944 2493 bases
965 2432 1035 2513 ΓΔ,
1049 2433 1119 2492 ΕΖ.

13 2567 15 2600 l
114 2534 193 2618 dieoj
217 2534 399 2620 triangulos
423 2539 531 2620 ΑΓΔ,
550 2541 649 2600 ΑΕΖ
673 2535 822 2620 aequales
846 2557 923 2599 esse.

179 2639 332 2723 quoniam
368 2641 454 2704 enim
497 2645 529 2704 et
564 2643 659 2706 bases
700 2641 787 2705 inter
824 2663 857 2704 se
898 2641 1047 2724 aequales
1088 2645 1121 2704 el

113 2750 233 2810 AF==
249 2752 320 2810 ΑΔ
336 2777 375 2798 =
391 2751 459 2810 ΑΕ
473 2777 513 2798 ε
529 2751 608 2831 ΑΖ,
632 2747 730 2811 etiam
752 2746 935 2832 triangulus
956 2747 1120 2832 triangulo

113 2853 256 2937 aequalis
280 2856 330 2917 esi
353 2853 458 2937 [Euel.
476 2853 502 2938 Ι,
521 2853 564 2936 8]

590 3065 645 3130 IV.

178 3189 218 3253 In
242 3188 332 3254 conis
355 3189 453 3254 rectis
477 3189 633 3275 trianguli
656 3191 777 3256 similes
805 3192 946 3258 interae
971 3193 1119 3276 aequales

114 3301 197 3360 sunl.

115 3439 158 3445 .—.
167 3441 183 3445 -
354 3439 643 3448 ...—---..——

115 3523 239 3592 ἀλλήλοις
253 3542 281 3593 p.
337 3529 377 3578 18.
398 3525 538 3597 ἀλλήλαις]
553 3525 681 3594 ἀλλήλαις
696 3525 765 3582 εἰσίν
778 3546 805 3596 p.
861 3526 918 3581 ἴσαι
928 3525 1010 3598 (all.)]
1026 3524 1077 3580 εἰσί
1091 3545 1117 3595 p.

150 3601 190 3650 19.
210 3595 277 3666 AZ]
297 3597 354 3649 ΑΖ
367 3593 424 3650 ἴσαι
443 3597 572 3666 ἀλλήλαις
589 3615 615 3666 p.
690 3605 731 3653 20.
752 3597 823 3668 ἴσον]
845 3596 905 3652 ἴσον
924 3595 998 3652 ἐστίν
1016 3615 1042 3666 p.
1129 3593 1145 3624 ⁴
