2594 3878
185 236 247 300 128
492 241 580 290 ΠΕΡΙ
597 239 726 292 Κααον
744 241 880 292 ΤοΜΗΣ.

183 384 260 445 ΕΗ.
307 380 494 466 ἀφῃρήσθω
518 385 634 448 τοίνυν
657 393 696 468 τῇ
719 388 794 448 ΕΗ
818 389 871 466 ἴση
896 384 915 467 ἡ
940 388 1018 463 ΒΘ,
1044 381 1101 448 καῖ
1126 383 1196 448 ἐτε-

184 487 310 570 ζεάχθω
333 487 354 570 η
374 491 452 552 ΗΘ.
488 487 543 553 καὶ
565 488 633 554 ε’τεῖ
657 495 711 572 ἴση
730 489 750 572 η
769 487 829 574 μὲν
848 494 923 554 ΕΗ
940 501 979 576 τῇ
999 494 1073 573 ΒΘ,
1096 493 1194 574 κοινὴ

183 590 220 658 δὲ
238 592 258 676 ἡ
273 598 352 677 ΒΗ,
377 595 439 660 δύο
458 597 522 681 άρα
541 594 640 661 δυσὶν
659 602 736 661 ἴσαι.
772 594 828 660 καῖ
846 600 951 678 γωνία
969 595 989 679 η
1008 596 1073 662 ὑπὸ
1088 602 1193 662 ΕΗΒ

182 711 221 786 τῇ
244 699 310 765 ὑπὸ
333 705 440 766 ΗΒΘ
463 707 530 784 ἴση·
559 702 645 787 ὀρθὴ
669 703 732 787 γάρ
756 700 904 788 ἑκατέρα·
931 701 987 767 καῖ
1009 703 1105 786 βάσις
1128 706 1194 790 άρα

147 819 163 865 ο
182 806 202 889 η
221 812 285 872 ΕΒ
309 818 348 893 τῇ
370 813 442 872 ΘΗ
461 813 515 890 ἴση
535 807 614 892 ἐστί,
637 807 692 872 καῖ
711 809 807 893 ὅμοια
825 810 865 873 τά
883 813 1040 895 τρίγωνα·
1065 811 1110 886 ώς
1129 813 1194 895 άρα

182 913 202 996 η
226 918 292 978 ΒΕ
312 916 395 1000 πρὸς
417 919 501 998 ΕΗ,
530 915 635 991 οὕτως
658 915 678 998 ἡ
701 919 772 980 ΗΘ
794 917 876 1002 πρὸς
901 921 971 981 ΘΒ.
1017 916 1037 1000 η
1061 915 1099 982 δὲ
1121 921 1193 982 ΗΘ

181 1022 264 1106 πρὸς
289 1026 351 1086 ΘΒ
379 1024 510 1106 μείζονα
537 1025 639 1104 λόγον
667 1025 731 1105 ἔχει
757 1024 839 1109 ἢπερ
868 1023 888 1106 η
911 1028 983 1088 ΗΑ
1009 1026 1093 1109 πρὸς
1115 1029 1192 1106 ΑΒ,

182 1127 227 1202 ώς
249 1129 463 1213 τροειῖείχθη·
487 1128 698 1214 ὀρθογώνιον
720 1130 783 1214 γάρ
807 1131 844 1195 τὸ
864 1134 977 1194 ABH.
1013 1128 1069 1195 καῖ
1088 1129 1108 1213 ἡ
1128 1135 1195 1196 ΒΕ

181 1235 245 1318 άρα
275 1235 357 1318 πρὸς
384 1238 468 1318 ΕΗ,
499 1233 670 1321 τουτέστιν
697 1235 717 1318 ἡ
747 1238 808 1300 ΓΒ
839 1238 922 1322 πρὸς
945 1240 1028 1320 ΕΗ,
1060 1241 1193 1321 μειζονα

130 1351 162 1399 10
182 1342 283 1421 λόγον
311 1342 376 1423 ἔχει
403 1341 485 1425 ἥπερ
513 1340 533 1422 η
562 1345 639 1405 ΑΗ
661 1342 744 1426 πρὸς
766 1345 844 1406 AB·
876 1343 914 1406 τὸ
941 1344 1004 1428 άρα
1031 1342 1097 1408 ὑπὸ
1124 1355 1193 1408 τῶν

183 1449 258 1528 ΓΛ,
277 1449 344 1510 ΒΑ
371 1449 480 1530 μεῖζόν
509 1446 577 1511 ε’στι
605 1456 664 1512 τοῦ
691 1447 756 1512 ὑπὸ
784 1458 852 1514 τῶν
874 1453 952 1532 ΕΖ,
970 1453 1043 1514 ΗΑ
1070 1451 1127 1514 διά
1155 1452 1191 1514 τὸ

180 1561 313 1636 πρώτον
336 1551 527 1636 λημμάτιον.
565 1553 648 1618 άλλὰ
671 1562 731 1618 τοῦ
753 1550 814 1638 μὲν
831 1554 896 1620 ὑπὸ
917 1558 987 1639 ΓΛ,
1004 1560 1070 1620 ΒΑ
1089 1557 1192 1640 ἥμισύ

181 1657 250 1722 ε’στι
272 1659 309 1722 τὸ
333 1664 364 1722 Α
372 1661 431 1722 ΓΛ
454 1662 634 1744 τρίγωνον,
662 1669 721 1724 τοῦ
745 1657 782 1725 δὲ
808 1661 873 1726 ὑπὸ
897 1666 974 1744 ΕΖ,
993 1665 1065 1726 ΗΑ
1088 1663 1190 1746 ἥμισυ

180 1765 217 1828 τὸ
242 1768 342 1828 ΑΕΖ
369 1768 545 1850 τρίγωνον·
578 1765 633 1830 καῖ
660 1768 697 1831 τὸ
721 1773 753 1830 Α
760 1770 820 1831 ΓΔ
847 1769 911 1853 άρα
938 1771 1103 1854 τρίγωνον
1131 1777 1189 1832 τοῦ

128 1882 160 1930 15
180 1875 280 1936 ΑΕΖ
307 1874 417 1955 μεῖζόν
441 1871 519 1937 ἐστι.
565 1871 620 1936 καῖ
642 1873 777 1938 πάντων
804 1875 868 1959 άρα
892 1885 958 1939 τών
983 1880 1056 1950 ἴσας
1078 1874 1190 1958 βάσεις

180 1977 324 2060 ἐχόντων
348 1987 386 2063 τῇ
405 1982 468 2042 ΕΖ
491 1976 546 2042 καῖ
570 1979 626 2042 διά
649 1987 746 2042 τοῦτο
767 1985 848 2044 ἴσων
867 1981 975 2046 ὄντων
992 1983 1102 2064 μεῖζόν
1122 1980 1189 2045 ἐστι

179 2084 216 2147 τὸ
240 2086 346 2147 ΑΓΔ.
385 2083 505 2166 ὁμοίως
529 2081 565 2148 δὲ
589 2082 737 2167 δείξομεν
763 2083 819 2150 καῖ
842 2084 895 2150 ἐτιῖ
918 2097 984 2151 τών
1008 2088 1119 2152 άλλων
1137 2111 1188 2151 το·

179 2198 251 2272 μών
273 2200 341 2254 τῶν
365 2189 456 2264 ἐκτὸς
479 2199 538 2254 τοῦ
562 2188 691 2267 ἄξονος·
722 2190 877 2275 μέγιστον
901 2194 965 2278 άρα
987 2194 1024 2257 τὸ
1049 2194 1105 2257 διά
1128 2201 1186 2258 τοῦ

179 2293 295 2372 ἄξονος
318 2299 491 2381 τρίγωνον.

125 2503 159 2551 20
461 2569 467 2589 1
668 2491 709 2558 ς’.

235 2613 329 2680 Ἔστι
363 2617 400 2680 τὸ
433 2594 513 2681 αώτὸ
550 2613 606 2680 καῖ
638 2617 744 2690 άλλως
775 2616 1041 2701 καθολικώτερον
1073 2614 1185 2696 θειξαι,

178 2722 229 2786 ὅτι
256 2719 311 2785 καῖ
339 2721 450 2797 ἁπλῶς
477 2732 544 2787 τῶν
567 2722 740 2806 τριγώνων
767 2721 804 2784 τὸ
826 2724 957 2804 μείζονα
984 2721 1084 2803 βάσιν
1112 2725 1185 2805 ἔχον
1286 2713 1287 2738 ¹

201 2838 233 2891 εἴ
247 2830 286 2891 όν
310 2826 387 2892 ἐστι.

177 2852 200 2910 μ
232 2830 427 3016 ζτμηθέντος
444 2935 507 3018 γὰρ
527 2943 586 2997 τοῦ
604 2933 715 3005 κώνου
734 2930 881 3014 γενέσθω
901 2933 941 2996 τά
960 2936 1068 3016 ΑΓΔ,
1084 2937 1186 2997 ΑΖΔ

125 3052 158 3100 25
178 3042 337 3124 τρίγωνα,
361 3039 443 3103 ώστε
465 3039 523 3114 τάς
547 3041 621 3122 ΓΑ,
642 3043 708 3104 ΖΛ
730 3038 842 3121 βάσεις
865 3038 1065 3122 συμβάλλειν
1089 3039 1186 3121 άλλη-

178 3151 250 3223 λαις
272 3145 409 3210 κατὰτὸ
428 3150 461 3208 Δ
483 3143 593 3230 πέρας,
616 3143 672 3208 καὶ
690 3147 771 3209 ἔστω
790 3147 907 3228 μείζων
926 3154 983 3228 τῆς
1003 3150 1068 3209 ΖΔ
1087 3146 1108 3230 ἡ
1129 3149 1160 3212 Γ
1155 3150 1187 3210 Λ

292 3443 337 3513 τ]
355 3449 403 3510 τῆς
520 3441 664 3510 ἡΒΘ-
683 3440 1035 3530 2.ἴση.,]οωλῑοὴΒΘ
1055 3444 1186 3498 καλλιτε-

177 3449 284 3637 ζεώγέβ
346 3509 864 3602 ΜΘκῖἐτελῖσημένέστμνρ
955 3511 1184 3585 2.ν..μῖ]οιυρ

421 3459 447 3510 P·

213 3583 357 3652 Be]
343 3598 444 3637 e.corr
463 3600 498 3636 m.
520 3587 577 3637 1ο.
642 3587 666 3636 3.
686 3581 731 3636 ἴσα
734 3579 833 3652 ι]ἴσαι
852 3579 948 3651 εἴσῖρ.
1016 3591 1041 3638 4.
1062 3584 1120 3656 ἴση]
1141 3585 1184 3655 ἴση
