2574 3882
333 831 460 905 ΠΕΡΙ
485 828 788 904 ΚΤΛΙΝΔΡΟΤ
814 829 1009 906 ΤΟΜΗΣ.

232 1008 387 1082 Πολλοὺς
409 1004 508 1090 δρῦν,
533 1000 558 1069 ὦ
577 1007 654 1088 φίλε
672 1007 774 1090 Κῦρε,
797 1015 863 1068 τών
882 1001 957 1089 περὶ
975 1007 1180 1091 γεωμετρίαν

166 1109 464 1198 ἀναστρεφομένων
483 1107 656 1195 οἰομένους
673 1113 735 1195 την
754 1119 813 1174 τοῦ
832 1112 1015 1198 κυλίνδρου
1033 1115 1180 1194 πλαγίαν

168 1221 272 1303 τομὴν
300 1216 414 1303 ἑτέραν
441 1213 526 1283 εἶναι
554 1227 611 1302 τῆς
638 1227 698 1283 τοῦ
722 1219 831 1283 κώνου
855 1227 956 1302 τομῆς
978 1227 1036 1301 της
1058 1223 1177 1282 καλου-

133 1340 148 1386 5
168 1323 268 1409 μένης
294 1324 466 1402 ἐλλείψεως
491 1324 667 1389 ἐδικαίωσα
687 1326 731 1408 μὴ
755 1334 874 1410 χρῆναι
896 1335 1056 1411 περιορᾶν
1079 1324 1177 1407 ἀγνο·

100 1411 114 1452 ⁸
167 1440 288 1508 οῦντας
316 1431 437 1507 αὐτούς
464 1454 499 1495 τε
525 1428 581 1494 καὶ
604 1433 683 1506 τοὺς
704 1428 761 1495 ὑπ’
788 1432 898 1496 αὐτῶν
927 1432 1012 1497 οὕτω
1037 1441 1179 1518 φρονεῖν

166 1535 479 1621 ἀναπεπεισμένους·
502 1539 610 1602 καίτοι
629 1534 755 1613 δόξειεν
773 1535 815 1602 ἀν
833 1537 932 1602 παντί
951 1540 1073 1620 ἀλογον
1091 1533 1177 1602 είναι

165 1642 350 1727 γεωμέτρας
385 1667 422 1726 γε
459 1645 556 1720 ὄντας
587 1641 663 1730 περὶ
695 1653 915 1730 γεωμετρικοῦ
946 1646 1178 1730 προβλήματος

165 1752 245 1815 ἀνευ
278 1749 474 1827 ἀποδείξεως
506 1749 755 1834 ἀποφαίνεσθαί
784 1774 815 1815 τι
847 1749 902 1815 καὶ
937 1757 1178 1833 πιθανολογεῖν

113 1870 147 1918 10
166 1856 309 1941 ἀτεχνῶς
355 1856 530 1943 ἀλλότριον
574 1859 773 1942 γεωμετρίας
813 1867 947 1942 πρᾶγμα
987 1866 1175 1933 ποιοῦντας.

165 1964 252 2048 ὅμως
275 1961 309 2028 δ’
335 1959 407 2047 οὖν,
432 1962 561 2048 ἐπείπερ
586 1963 691 2040 οὕτως
712 1963 945 2049 ὑπειλήφασιν,
968 1963 1060 2049 ἡμεῖς
1079 1961 1115 2028 δὲ
1134 1964 1175 2028 οὐ

164 2073 413 2157 συμφερόμεθα,
437 2067 516 2156 φέρε
534 2082 758 2156 γεωμετρικῶς
777 2069 1008 2156 ἀποδείξωμεν,
1028 2072 1078 2136 δτι
1096 2074 1177 2155 μίαν

163 2173 218 2240 καὶ
245 2178 306 2261 τὴν
334 2176 438 2260 αὐτὴν
465 2175 537 2240 κατ’
566 2172 655 2252 εἶδος
682 2177 808 2260 ἀνάγκη
832 2181 986 2260 γίνεσθαι
1010 2177 1046 2242 ἐν
1069 2176 1175 2262 ἀμφο-

163 2281 271 2368 τέροις
302 2293 371 2358 τοῖς
403 2284 544 2367 σχήμασι
576 2284 694 2367 τομήν,
725 2293 770 2370 τῷ
802 2285 897 2371 κώνςο
930 2282 1013 2366 λέγω
1046 2283 1101 2349 καὶ
1128 2293 1175 2371 τῷ

110 2403 144 2450 15
163 2391 342 2478 κυλίνδρῳ,
365 2390 504 2454 τοιῶσδε
522 2387 634 2474 μέντοι
653 2389 724 2454 ἀλλ’
746 2389 806 2472 οὐχ
826 2389 936 2465 ἀπλῦς
954 2388 1175 2474 τεμνομένοις.

230 2497 337 2583 ώσπερ
374 2493 411 2561 δὲ
448 2498 483 2561 οί
516 2497 556 2560 τά
591 2497 716 2561 κωνικά
747 2496 1075 2582 πραγματευσάμενοι
1107 2507 1175 2560 τών

161 2609 312 2668 παλαιῶν
335 2604 396 2668 οὐκ
419 2602 631 2689 ἠρκέσθησαν
653 2613 693 2689 τῇ
715 2612 810 2688 κοινῇ
834 2602 947 2690 ἐννοίᾳ
969 2612 1029 2668 τοῦ
1052 2605 1176 2685 κώνου,

162 2709 213 2773 ὅτι
240 2710 405 2794 τριγώνου
433 2708 702 2796 περιενεχθέντος
730 2709 942 2795 ὀρθογωνίου
972 2713 1176 2792 συνίσταιτο,

160 2820 395 2901 περισσότερον
429 2812 465 2880 δὲ
496 2815 550 2881 καὶ
582 2817 849 2901 καθολικώτερον
877 2815 1176 2900 έφιλοτεχνήσαντο

107 2935 143 2984 20
162 2923 205 3006 μὴ
229 2923 333 3005 μόνον
356 2922 492 3008 ὀρθούς,
516 2923 599 2988 ἀλλά
621 2921 676 2987 καὶ
700 2925 885 3006 σκαληνοῦς
908 2923 1177 3007 ὑποστησάμενοι

159 3031 304 3112 κώνους,
335 3029 421 3093 οὕτω
452 3030 513 3114 χρὴ
543 3026 599 3093 καὶ
628 3027 726 3113 ἡμᾶς,
758 3028 869 3113 ἐπειδὴ
899 3032 1068 3115 πρόκειται
1097 3027 1175 3114 περὶ

160 3136 343 3221 κυλίνδρου
370 3145 472 3220 τομῆς
499 3133 754 3219 ἐπισκέψασθαι,
782 3137 825 3221 μη
853 3138 912 3201 τὸν
937 3135 1045 3222 ὀρθὸν
1068 3139 1176 3220 μόνον

160 3244 387 3329 ἀφορίσαντας
410 3241 460 3308 ἐπ’
482 3243 585 3308 αὐτοῦ
603 3250 773 3308 ποιεῖσθαι
791 3245 852 3326 τὴν
871 3241 997 3327 σκέψιν,
1016 3241 1100 3307 ἀλλά
1118 3241 1175 3307 καὶ

239 3443 262 3490 1.
293 3436 399 3506 ΠΕΡΙ]
429 3434 556 3503 Σερήνου
579 3433 642 3503 περί
665 3435 750 3504 va.
842 3437 936 3489 ΠΕΡΙ
956 3467 991 3474 -
1018 3435 1173 3506 ΤΟΜΗΣ]

160 3525 214 3561 om.
235 3523 257 3562 ο.
317 3513 341 3561 2.
363 3506 499 3577 Πολλοῦς]
519 3507 615 3569 ολλοῦς
633 3524 656 3560 c.
719 3512 743 3560 6.
762 3507 804 3577 τε]
823 3522 875 3560 om.
895 3524 921 3575 p.
978 3512 1019 3560 11.
1040 3505 1124 3577 ὅμως]
1144 3524 1174 3575 p,
