2604 3880
444 212 510 275 ¹nu
530 212 706 264 sncrrous
726 213 820 264 cour.
1082 209 1146 273 201

567 372 718 438 XXXIV.

205 477 239 544 Si
267 480 302 543 in
330 501 411 544 cono
440 480 567 544 scaleno
595 501 653 564 per
681 501 773 543 axem
795 478 901 562 planis
926 479 1148 564 compluribus

137 591 226 651 secto
245 586 280 650 in
298 587 431 651 basibus
450 586 614 670 parallelis
628 585 785 672 trianguli
804 585 999 669 aequicrurii
1018 587 1058 651 ad
1076 609 1148 652 eam

135 698 263 778 partem
285 715 398 759 uersus
422 697 668 778 construuntur,
695 694 736 758 ad
761 716 857 778 quam
881 693 950 758 axis
972 693 1147 760 inclinatus

136 805 195 886 est,
213 800 452 886 triangrlorum
471 805 579 866 autem
599 801 875 886 aequicruriorum
892 801 941 865 ita
959 801 1148 865 effectorum

136 907 255 991 aliquis
278 907 443 993 triangulo
467 907 669 992 aequicruric
691 930 750 993 per
772 930 865 973 axem
887 909 984 973 ducto
1004 907 1148 991 aequalis

135 1018 196 1096 est,
219 1017 309 1078 recta
332 1036 352 1078 a
373 1014 495 1079 uertice
517 1015 557 1078 ad
575 1015 681 1079 basim
699 1015 855 1101 trianguli
873 1014 1148 1100 perpendicularis

136 1119 241 1184 maior
264 1119 326 1184 erit
349 1143 416 1184 axe.

205 1227 247 1291 sit
271 1249 371 1292 conus
395 1228 554 1313 scalenus,
576 1229 668 1294 cuius
692 1233 805 1293 uertex
824 1229 868 1294 sit
885 1233 927 1314 A,
950 1227 1019 1292 axis
1039 1233 1148 1292 autem

136 1337 203 1398 AB
231 1335 271 1398 ad
298 1339 407 1418 partes
430 1341 463 1398 A
490 1357 605 1400 uersus
627 1335 817 1420 inclinatus,
842 1335 931 1400 basis
955 1340 1064 1400 autem
1087 1335 1149 1399 cir-

694 1444 786 1508 culus
833 1443 954 1508 circum
1000 1447 1148 1507 centrum

695 1554 723 1615 B
753 1549 950 1634 descriptus,
990 1547 1148 1634 trianguli

694 1661 804 1721 autem
827 1657 868 1720 ad
895 1655 1051 1721 circulum
1078 1676 1148 1739 per-

693 1763 945 1848 pendiculariter
971 1783 1030 1846 per
1056 1782 1148 1824 axem

617 1911 641 1955 A
695 1869 783 1934 ducti
825 1870 912 1934 basis
955 1868 999 1933 sit
1036 1871 1098 1932 ΓΒ
1107 1873 1148 1952 A,

694 1978 916 2061 ducanturque
954 1975 990 2038 in
1027 1974 1147 2038 circulo

695 2086 735 2150 ad
768 2087 835 2149 ΓΔ
867 2081 1148 2169 perpendiculares

695 2197 724 2256 B
732 2197 768 2277 Z,
781 2196 859 2275 ΕΗ,
876 2195 909 2256 et
924 2190 1061 2254 ducatur
1074 2193 1107 2252 A
1112 2191 1150 2273 E,

695 2303 974 2383 supponaturque‚
1004 2295 1148 2378 triangu-

694 2405 763 2468 lum
809 2401 1047 2487 aequicrurium
1091 2421 1149 2482 per

136 2514 217 2592 All,
241 2513 315 2574 ΕΗ
339 2510 471 2574 ductum
499 2512 668 2594 aequalem
695 2532 765 2574 esse
794 2508 957 2594 triangulo
989 2527 1047 2591 per
1075 2509 1150 2590 AB,

137 2620 215 2699 ΒΖ,
244 2616 306 2680 hoc
331 2620 382 2680 est
408 2616 513 2701 [prop.
537 2615 644 2701 XXII]
672 2615 836 2702 triangulo
864 2612 1067 2698 aequicrurio
1093 2633 1150 2696 per

137 2744 230 2787 axem
254 2722 359 2787 ductc.
406 2721 492 2808 dico,
515 2745 585 2788 esse
608 2728 723 2796 AE>
739 2725 813 2786 AB.

205 2829 358 2913 quoniam
377 2828 463 2893 enim
481 2829 664 2916 triangulus
684 2827 903 2914 aequicrurius
919 2849 977 2912 per
991 2831 1067 2912 ΑΕ,
1080 2830 1154 2890 ΕΗ

378 2376 407 2422 Ζ

137 2937 253 3000 ductus
277 2936 441 3022 triangulo
465 2941 625 3022 per'AB,
650 2940 713 3001 ΒΖ
736 2935 880 3021 aequalis
904 2940 962 3020 est,
986 2938 1019 2999 et
1043 2932 1149 3018 [Eucl.

136 3041 692 3128 l‚4l]AE><EH-AB><BZ,
708 3044 770 3109 erit
784 3043 1150 3108 BZ:EH=EA:AB

137 3148 304 3234 [Eucl.VI,
316 3150 381 3234 16].
408 3156 457 3216 cst
472 3156 581 3217 autem
595 3156 658 3216 ΒΖ
668 3163 701 3224 >
712 3155 784 3216 ΗΕ
795 3149 899 3235 [Eucl.
909 3149 971 3233 III,
982 3147 1053 3232 15];
1072 3168 1150 3232 ergo

136 3258 235 3322 etiam
258 3263 324 3322 EA
338 3268 371 3330 >
387 3262 461 3322 ΑΒ.

578 3346 711 3412 XXXV.

204 3451 290 3518 siin
310 3475 391 3518 cono
412 3454 539 3519 scaleno
558 3477 615 3539 per
633 3453 790 3519 uerticem
804 3453 910 3537 planis
930 3447 1150 3534 compluribus

139 3564 228 3624 secto
260 3559 295 3624 in
329 3559 461 3625 basibus
494 3561 656 3648 parallelis
694 3560 853 3646 trianguli
886 3555 1080 3642 aequicrurii
1112 3554 1152 3619 ad
