2574 3882
173 200 215 263 16
443 201 529 250 ΠΕΡΙ
548 198 762 250 ΚΤΛΙΝΔΡΟΤ
780 198 917 250 ΤΟΜΗΣ.

656 357 701 422 δ’.

236 473 312 539 Ἐάν
343 475 518 558 καμπύλην
552 476 706 560 γραμμήν
735 474 892 559 ὑποτείνη
924 473 1053 558 εὐθεῖα,
1086 477 1124 539 αί
1154 473 1193 540 δὲ

173 584 236 648 άπὸ
265 591 322 665 της
350 591 499 667 γραμμῆς
527 579 579 646 ἐπὶ
602 583 662 664 τήν
685 581 927 646 ὑποτείνουσαν
950 581 1086 648 κάθετοι
1114 589 1192 648 ίσον

174 691 341 755 δύνωνται
365 698 409 776 τῷ
433 689 497 753 ὑπὸ
521 699 588 752 τῶν
611 689 788 772 τμημάτων
810 697 868 772 τής
890 687 1145 773 ὑποτεινούσης,
1171 689 1192 772 ή

139 807 154 854 5
174 798 306 881 γραμμή
329 797 454 861 κύκλου
476 793 669 881 περιφέρεια
693 798 791 860 ἔσται.

239 907 322 968 ἔστω
355 903 508 987 καμπύλη
539 903 670 987 γραμμή
701 901 720 984 ή
752 906 869 984 ΑΒΔ,
899 901 1122 968 ὑποτείνουσα
1153 899 1192 967 δὲ

173 1009 278 1094 αὐτήν
305 1010 325 1094 ή
354 1015 425 1074 ΑΔ
452 1009 582 1092 εὐθεῖα,
614 1007 669 1073 καὶ
697 1008 833 1073 κάθετοι
861 1009 1021 1092 ήχθωσαν
1049 1007 1101 1073 ἐπὶ
1128 1011 1193 1092 τήν

173 1123 242 1182 ΑΔ
265 1119 302 1182 αί
323 1121 401 1200 ΒΕ,
427 1099 502 1200 ΓΖ,
526 1114 581 1180 καὶ
603 1116 794 1181 ὑποκείσθω
818 1117 855 1180 τὸ
879 1111 939 1199 μὲν
962 1115 1025 1180 άπὸ
1049 1124 1107 1198 τής
1125 1119 1194 1179 ΒΕ

174 1230 248 1289 ίσον
276 1233 321 1312 τῷ
347 1223 412 1288 ὑπὸ
436 1235 503 1288 τῶν
527 1228 607 1306 ΑΕ,
631 1228 712 1305 ΕΔ,
741 1223 777 1286 τὸ
802 1219 838 1285 δὲ
862 1221 925 1286 άπὸ
949 1231 1006 1305 τής
1030 1225 1090 1286 ΓΖ
1114 1228 1192 1287 ίσον

123 1343 156 1391 10
175 1340 220 1418 τῷ
253 1329 318 1394 ὑπὸ
351 1333 462 1394 ΑΖΔ.
513 1328 611 1412 λέγω,
640 1330 690 1394 ὅτι
717 1327 737 1410 ή
766 1332 871 1392 ΑΒΔ
900 1329 1025 1392 κύκλον
1054 1327 1190 1413 περιφέ-

174 1437 247 1522 ρειά
271 1436 348 1500 ἐστι.

240 1544 413 1626 τετμήσθω
442 1543 517 1627 δίχα
540 1543 559 1626 ἡ
584 1549 653 1606 ΑΔ
676 1543 757 1606 κατὰ
780 1543 817 1606 τὸ
840 1547 890 1626 Η,
913 1540 968 1606 καὶ
992 1542 1190 1626 ἐπεζεύχθω-

175 1666 237 1714 σαν
268 1651 304 1714 αί
332 1654 415 1734 ΗΒ,
443 1653 521 1714 ΗΓ.
577 1647 645 1714 ἐπεὶ
677 1644 739 1714 οὑν
768 1651 804 1713 τὸ
836 1649 899 1714 άπὸ
929 1659 986 1733 τής
1013 1653 1085 1713 ΗΔ
1114 1655 1189 1714 ίσον

174 1754 243 1821 ἐστὶ
266 1765 312 1844 τῷ
336 1780 370 1821 τε
394 1756 457 1821 άπὸ
481 1765 538 1840 τής
557 1760 629 1820 ΗΕ
648 1754 704 1820 καὶ
727 1765 772 1844 τῷ
795 1755 860 1821 ὑπὸ
884 1767 951 1820 τῶν
970 1759 1050 1839 ΑΕ,
1070 1756 1188 1837 ΕΔ,ὄ

122 1875 155 1923 15
175 1862 244 1928 ἐστι
271 1864 308 1927 τὸ
337 1862 400 1927 άπὸ
426 1872 483 1946 τής
505 1867 583 1946 ΒΕ,
607 1861 690 1927 άλλδι
712 1861 767 1926 καὶ
790 1863 827 1927 τὸ
844 1860 914 1927 άπὸ
939 1871 996 1945 τής
1019 1865 1091 1926 ΒΗ
1112 1868 1188 1926 ίσον

174 1967 243 2035 ἐστὶ
279 1981 349 2046 τοῖς
381 1969 444 2035 άπὸ
477 1974 561 2053 ΗΕ,
587 1973 664 2052 ΕΒ,
698 1975 752 2052 λ’ση
784 1971 848 2054 άρα
879 1970 899 2053 η
933 1973 1006 2033 ΒΗ
1033 1979 1072 2054 τῇ
1105 1972 1186 2032 ΗΔ.

174 2077 296 2161 ὁμοίως
324 2074 360 2142 δὲ
387 2075 442 2141 καὶ
469 2075 489 2159 ή
522 2079 593 2141 ΓΗ
617 2086 656 2162 τῇ
685 2080 757 2140 ΗΔ
786 2083 839 2158 ίση
870 2077 1037 2141 δείκνυται
1066 2073 1122 2139 καὶ
1152 2077 1189 2140 αὑ

173 2185 281 2248 άλλαι·
306 2182 501 2268 ἡμικύκλιον
525 2185 588 2268 ἄρα
611 2184 648 2247 τὸ
672 2187 785 2247 ΑΒΔ.

658 2401 697 2442 ε.

118 2496 152 2545 20
235 2484 311 2551 Ἐάν
348 2485 526 2571 κύλινδρος
557 2483 699 2574 ἐπιπέδῳ
737 2491 847 2570 τμηθῇ
884 2486 1081 2572 παραλλήλῳ
1115 2497 1188 2562 ταῖς

173 2594 320 2678 βάσεσιν,
343 2593 363 2678 ή
387 2595 469 2679 τομή
492 2591 613 2668 κύκλος
634 2595 724 2658 ἔσται
743 2593 780 2657 τὸ
799 2591 937 2678 κε’ντρον
956 2595 1040 2676 ἔχων
1059 2589 1111 2656 ἐπὶ
1126 2601 1187 2656 τοῦ

171 2700 297 2778 άξονος.

238 2811 321 2872 ἔστω
352 2807 544 2892 κύλινδρος,
575 2803 615 2872 οὗ
642 2807 755 2889 βάσεις
784 2803 844 2890 μὲν
872 2806 907 2871 οί
932 2810 1029 2889 Α,Β
1058 2803 1186 2889 κύκλοι,

173 2912 260 2991 άξων
292 2911 328 2978 δὲ
360 2913 380 2996 ή
409 2918 474 2978 ΑΒ
507 2913 637 2995 εὐθεῖα,
664 2897 719 2976 καὶ
751 2913 923 2996 τετμήσθω
957 2913 973 2977 ὁ
1006 2911 1188 2997 κύλινδρος

121 3030 154 3078 25
174 3017 316 3108 ἐπιπέδῳ
344 3021 541 3108 παραλλήλῳ
569 3030 640 3096 ταῖς
667 3018 782 3102 βάσεσι
809 3027 962 3085 ποιοῦντι
990 3019 1026 3084 ἐν
1053 3029 1092 3104 τῇ
1116 3017 1187 3082 ἐπι-

173 3130 295 3214 φανείᾳ
317 3136 377 3192 τοῦ
400 3127 582 3213 κυλίνδρου
605 3128 666 3210 τήν
691 3125 788 3198 ΓΞΔ
810 3127 972 3212 γραμμήν.
1014 3124 1108 3209 λέγω,
1133 3126 1185 3190 ὅτι

172 3234 192 3318 ή
218 3234 315 3308 ΓΞΔ
338 3235 469 3320 γραμμή
492 3231 616 3300 κύκλου
640 3231 708 3298 ε’στὶ
731 3231 931 3319 περιφέρεια.

244 3425 268 3474 ε.
288 3421 361 3474 Ante
381 3415 432 3473 λιι
451 3417 515 3472 add.
535 3393 554 3474 ἐ
574 3436 629 3488 mg.
648 3437 684 3472 m.
705 3424 719 3470 1
740 3417 773 3472 V.
864 3423 889 3472 6.
913 3415 1005 3486 ΑΒΔ]
1029 3418 1136 3469 ΑΒΓΔ
1155 3433 1184 3483 p.

211 3496 251 3544 10.
271 3491 363 3563 ΑΖΔ]
382 3499 438 3546 τῶν
456 3493 515 3556 ΑΖ,
533 3493 584 3545 ΖΔ
601 3508 627 3558 p.
700 3489 792 3560 ΑΒΔ]
812 3492 917 3541 ΑΒΓΔ
935 3505 961 3555 p.
1036 3492 1077 3540 12.
1096 3486 1114 3555 ή
1133 3492 1184 3540 ΑΔ

175 3558 240 3631 δίχα
258 3580 284 3629 p.
376 3567 417 3616 15.
441 3560 472 3616 τύ
486 3563 563 3634 (pr.)]
583 3580 614 3631 p,
638 3566 675 3632 τῷ
695 3560 747 3614 Vc.
835 3560 904 3630 ΒΕ]
926 3560 977 3611 ΕΒ
995 3575 1021 3626 p.
1109 3559 1183 3630 ΒΗ]
