<?xml version="1.0" encoding="UTF-8"?>
<!DOCTYPE html PUBLIC "-//W3C//DTD XHTML 1.0 Transitional//EN"
    "http://www.w3.org/TR/xhtml1/DTD/xhtml1-transitional.dtd">
<html xmlns="http://www.w3.org/1999/xhtml" xml:lang="en" lang="en">
 <head>
  <title>
</title>
<meta http-equiv="Content-Type" content="text/html;charset=utf-8" />
  <meta name='ocr-system' content='tesseract 3.04.00' />
  <meta name='ocr-capabilities' content='ocr_page ocr_carea ocr_par ocr_line ocrx_word'/>
</head>
<body>
  <div class='ocr_page' id='page_1' title='image "./sereniantinoens02heibgoog_0066.png"; bbox 0 0 2574 3882; ppageno 0'>
   <div class='ocr_carea' id='block_1_1' title="bbox 148 175 894 238">
    <p class='ocr_par' dir='ltr' id='par_1_1' title="bbox 148 175 894 238">
     <span class='ocr_line' id='line_1_1' title="bbox 148 175 894 238; baseline -0.004 -7"><span class='ocrx_word' id='word_1_1' title='bbox 148 175 191 238; x_wconf 82' lang='grc'><em>42</em></span> <span class='ocrx_word' id='word_1_2' title='bbox 419 177 506 229; x_wconf 84' lang='grc' dir='ltr'><strong>ΠΕΡΙ</strong></span> <span class='ocrx_word' id='word_1_3' title='bbox 524 176 740 228; x_wconf 81' lang='grc' dir='ltr'>ΚΤΛΙΝΔΡΟΤ</span> <span class='ocrx_word' id='word_1_4' title='bbox 758 177 894 228; x_wconf 88' lang='grc' dir='ltr'><strong>ΤΟΜΗΣ.</strong></span> 
     </span>
    </p>
   </div>
   <div class='ocr_carea' id='block_1_2' title="bbox 28 319 1265 3310">
    <p class='ocr_par' dir='ltr' id='par_1_2' title="bbox 147 319 1165 726">
     <span class='ocr_line' id='line_1_2' title="bbox 148 319 1164 403; baseline -0.002 -19"><span class='ocrx_word' id='word_1_5' title='bbox 148 323 212 384; x_wconf 87' lang='grc' dir='ltr'><em>ΕΒ</em></span> <span class='ocrx_word' id='word_1_6' title='bbox 236 320 318 401; x_wconf 88' lang='grc' dir='ltr'><em>πρὸς</em></span> <span class='ocrx_word' id='word_1_7' title='bbox 341 320 378 383; x_wconf 90' lang='grc' dir='ltr'><em>τὸ</em></span> <span class='ocrx_word' id='word_1_8' title='bbox 402 319 466 383; x_wconf 88' lang='grc' dir='ltr'><em>ὑπὸ</em></span> <span class='ocrx_word' id='word_1_9' title='bbox 490 329 557 383; x_wconf 83' lang='grc' dir='ltr'><em>τῶν</em></span> <span class='ocrx_word' id='word_1_10' title='bbox 582 323 656 402; x_wconf 90' lang='grc' dir='ltr'><em>ΓΖ,</em></span> <span class='ocrx_word' id='word_1_11' title='bbox 677 323 742 383; x_wconf 88' lang='grc' dir='ltr'><em>ΖΔ</em></span> <span class='ocrx_word' id='word_1_12' title='bbox 761 321 958 384; x_wconf 76' lang='grc' dir='ltr'><em>διπλασίονα</em></span> <span class='ocrx_word' id='word_1_13' title='bbox 977 321 1079 400; x_wconf 88' lang='grc' dir='ltr'><em>λύγον</em></span> <span class='ocrx_word' id='word_1_14' title='bbox 1099 321 1164 403; x_wconf 83' lang='grc' dir='ltr'><em>ἔχει</em></span> 
     </span>
     <span class='ocr_line' id='line_1_3' title="bbox 147 424 1165 512; baseline 0 -22"><span class='ocrx_word' id='word_1_15' title='bbox 147 427 231 510; x_wconf 87' lang='grc' dir='ltr'><em>ῆπερ</em></span> <span class='ocrx_word' id='word_1_16' title='bbox 262 424 281 508; x_wconf 80' lang='grc' dir='ltr'><em>η</em></span> <span class='ocrx_word' id='word_1_17' title='bbox 310 429 373 488; x_wconf 87' lang='grc' dir='ltr'><em>ΕΒ</em></span> <span class='ocrx_word' id='word_1_18' title='bbox 403 427 486 510; x_wconf 90' lang='grc' dir='ltr'><em>πρὸς</em></span> <span class='ocrx_word' id='word_1_19' title='bbox 515 430 593 509; x_wconf 89' lang='grc' dir='ltr'><em>ΖΔ,</em></span> <span class='ocrx_word' id='word_1_20' title='bbox 621 425 791 491; x_wconf 78' lang='grc' dir='ltr'><strong><em>τουτέστιν</em></strong></span> <span class='ocrx_word' id='word_1_21' title='bbox 818 427 900 512; x_wconf 84' lang='grc' dir='ltr'><em>ῆπερ</em></span> <span class='ocrx_word' id='word_1_22' title='bbox 933 426 953 510; x_wconf 81' lang='grc' dir='ltr'><em>ἡ</em></span> <span class='ocrx_word' id='word_1_23' title='bbox 982 430 1049 490; x_wconf 84' lang='grc' dir='ltr'><em>ΑΒ</em></span> <span class='ocrx_word' id='word_1_24' title='bbox 1082 427 1165 511; x_wconf 89' lang='grc' dir='ltr'><em>πρὸς</em></span> 
     </span>
     <span class='ocr_line' id='line_1_4' title="bbox 150 530 1165 618; baseline -0.002 -20"><span class='ocrx_word' id='word_1_25' title='bbox 150 536 225 598; x_wconf 85' lang='grc' dir='ltr'><em>ΓΛ.</em></span> <span class='ocrx_word' id='word_1_26' title='bbox 267 531 350 596; x_wconf 85' lang='grc' dir='ltr'><em>ἄλλά</em></span> <span class='ocrx_word' id='word_1_27' title='bbox 372 530 428 596; x_wconf 86' lang='grc' dir='ltr'><em>καὶ</em></span> <span class='ocrx_word' id='word_1_28' title='bbox 451 533 487 596; x_wconf 90' lang='grc' dir='ltr'><em>τὸ</em></span> <span class='ocrx_word' id='word_1_29' title='bbox 512 531 575 596; x_wconf 88' lang='grc' dir='ltr'><em>άπὸ</em></span> <span class='ocrx_word' id='word_1_30' title='bbox 599 541 656 615; x_wconf 92' lang='grc' dir='ltr'><em>τῆς</em></span> <span class='ocrx_word' id='word_1_31' title='bbox 679 537 745 596; x_wconf 87' lang='grc' dir='ltr'><em>ΑΒ</em></span> <span class='ocrx_word' id='word_1_32' title='bbox 768 533 851 618; x_wconf 89' lang='grc' dir='ltr'><em>πρὸς</em></span> <span class='ocrx_word' id='word_1_33' title='bbox 873 534 910 597; x_wconf 88' lang='grc' dir='ltr'><em>τὸ</em></span> <span class='ocrx_word' id='word_1_34' title='bbox 934 532 997 597; x_wconf 90' lang='grc' dir='ltr'><em>άπὸ</em></span> <span class='ocrx_word' id='word_1_35' title='bbox 1021 542 1080 616; x_wconf 87' lang='grc' dir='ltr'><em>τῆς</em></span> <span class='ocrx_word' id='word_1_36' title='bbox 1100 535 1165 596; x_wconf 88' lang='grc' dir='ltr'><em>ΓΔ</em></span> 
     </span>
     <span class='ocr_line' id='line_1_5' title="bbox 150 639 1164 726; baseline 0.001 -24"><span class='ocrx_word' id='word_1_37' title='bbox 150 640 348 704; x_wconf 75' lang='grc' dir='ltr'><em>διπλασίονα</em></span> <span class='ocrx_word' id='word_1_38' title='bbox 372 643 474 723; x_wconf 88' lang='grc' dir='ltr'><em>λόγον</em></span> <span class='ocrx_word' id='word_1_39' title='bbox 497 643 561 723; x_wconf 88' lang='grc' dir='ltr'><em>έχει</em></span> <span class='ocrx_word' id='word_1_40' title='bbox 584 641 666 724; x_wconf 85' lang='grc' dir='ltr'><em>ῆπερ</em></span> <span class='ocrx_word' id='word_1_41' title='bbox 689 639 709 722; x_wconf 80' lang='grc' dir='ltr'><em>ἡ</em></span> <span class='ocrx_word' id='word_1_42' title='bbox 734 644 799 704; x_wconf 83' lang='grc' dir='ltr'><em>ΑΒ</em></span> <span class='ocrx_word' id='word_1_43' title='bbox 823 641 906 726; x_wconf 91' lang='grc' dir='ltr'><em>πρὸς</em></span> <span class='ocrx_word' id='word_1_44' title='bbox 929 643 1006 704; x_wconf 84' lang='grc' dir='ltr'><em>ΓΛ·</em></span> <span class='ocrx_word' id='word_1_45' title='bbox 1032 639 1078 715; x_wconf 84' lang='grc' dir='ltr'><em>ὡς</em></span> <span class='ocrx_word' id='word_1_46' title='bbox 1101 641 1164 722; x_wconf 91' lang='grc' dir='ltr'><em>ἄρα</em></span> 
     </span>
    </p>

    <p class='ocr_par' dir='ltr' id='par_1_3' title="bbox 115 740 1165 1038">
     <span class='ocr_line' id='line_1_6' title="bbox 115 740 1164 830; baseline 0.005 -26"><span class='ocrx_word' id='word_1_47' title='bbox 115 756 130 804; x_wconf 80' lang='lat'><strong>5</strong></span> <span class='ocrx_word' id='word_1_48' title='bbox 149 747 186 811; x_wconf 91' lang='grc' dir='ltr'><em>τὸ</em></span> <span class='ocrx_word' id='word_1_49' title='bbox 211 744 274 810; x_wconf 89' lang='grc' dir='ltr'><em>άπὸ</em></span> <span class='ocrx_word' id='word_1_50' title='bbox 298 755 355 830; x_wconf 88' lang='grc' dir='ltr'><em>τῆς</em></span> <span class='ocrx_word' id='word_1_51' title='bbox 378 751 445 811; x_wconf 88' lang='grc' dir='ltr'><em>ΑΒ</em></span> <span class='ocrx_word' id='word_1_52' title='bbox 469 748 551 830; x_wconf 92' lang='grc' dir='ltr'><em>πρὸς</em></span> <span class='ocrx_word' id='word_1_53' title='bbox 574 740 610 809; x_wconf 92' lang='grc' dir='ltr'><em>τὸ</em></span> <span class='ocrx_word' id='word_1_54' title='bbox 635 745 698 809; x_wconf 87' lang='grc' dir='ltr'><em>ἀπὸ</em></span> <span class='ocrx_word' id='word_1_55' title='bbox 721 755 780 828; x_wconf 88' lang='grc' dir='ltr'><em>τῆς</em></span> <span class='ocrx_word' id='word_1_56' title='bbox 803 748 881 828; x_wconf 87' lang='grc' dir='ltr'><em>ΓΛ,</em></span> <span class='ocrx_word' id='word_1_57' title='bbox 910 745 1016 821; x_wconf 79' lang='grc' dir='ltr'><em>οὕτως</em></span> <span class='ocrx_word' id='word_1_58' title='bbox 1038 746 1076 810; x_wconf 89' lang='grc' dir='ltr'><em>τὸ</em></span> <span class='ocrx_word' id='word_1_59' title='bbox 1099 745 1164 809; x_wconf 84' lang='grc' dir='ltr'><em>ὑπὸ</em></span> 
     </span>
     <span class='ocr_line' id='line_1_7' title="bbox 149 850 1165 938; baseline -0.002 -21"><span class='ocrx_word' id='word_1_60' title='bbox 149 863 218 917; x_wconf 86' lang='grc' dir='ltr'><em>τῶν</em></span> <span class='ocrx_word' id='word_1_61' title='bbox 236 857 316 936; x_wconf 88' lang='grc' dir='ltr'><em>ΑΕ,</em></span> <span class='ocrx_word' id='word_1_62' title='bbox 335 858 399 918; x_wconf 90' lang='grc' dir='ltr'><em>ΕΒ</em></span> <span class='ocrx_word' id='word_1_63' title='bbox 422 854 506 938; x_wconf 91' lang='grc' dir='ltr'><em>πρὸς</em></span> <span class='ocrx_word' id='word_1_64' title='bbox 528 853 565 916; x_wconf 93' lang='grc' dir='ltr'><em>τὸ</em></span> <span class='ocrx_word' id='word_1_65' title='bbox 588 851 653 916; x_wconf 87' lang='grc' dir='ltr'><em>ὑπὸ</em></span> <span class='ocrx_word' id='word_1_66' title='bbox 672 862 740 916; x_wconf 82' lang='grc' dir='ltr'><em>τῶν</em></span> <span class='ocrx_word' id='word_1_67' title='bbox 759 854 835 935; x_wconf 90' lang='grc' dir='ltr'><em>ΓΖ,</em></span> <span class='ocrx_word' id='word_1_68' title='bbox 856 856 934 917; x_wconf 83' lang='grc' dir='ltr'><em>ΖΛ·</em></span> <span class='ocrx_word' id='word_1_69' title='bbox 959 850 976 915; x_wconf 98' lang='lat'><strong>3</strong></span> <span class='ocrx_word' id='word_1_70' title='bbox 995 850 1165 938; x_wconf 78' lang='grc' dir='ltr'><em>προέκειτο</em></span> 
     </span>
     <span class='ocr_line' id='line_1_8' title="bbox 150 957 261 1038; baseline 0 -14"><span class='ocrx_word' id='word_1_71' title='bbox 150 957 261 1038; x_wconf 84' lang='grc' dir='ltr'><em>δείξαι.</em></span> 
     </span>
    </p>

    <p class='ocr_par' dir='ltr' id='par_1_4' title="bbox 121 1080 1167 1293">
     <span class='ocr_line' id='line_1_9' title="bbox 629 1080 814 1146; baseline 0 0"><span class='ocrx_word' id='word_1_72' title='bbox 629 1083 663 1146; x_wconf 92' lang='grc' dir='ltr'><em>ιδ</em></span> <span class='ocrx_word' id='word_1_73' title='bbox 668 1080 685 1146; x_wconf 85' lang='lat'><em>&#39;.</em></span> <span class='ocrx_word' id='word_1_74' title='bbox 812 1122 814 1129; x_wconf 85' lang='grc'><strong><em>·</em></strong></span> 
     </span>
     <span class='ocr_line' id='line_1_10' title="bbox 121 1203 1167 1293; baseline -0.003 -21"><span class='ocrx_word' id='word_1_75' title='bbox 121 1279 124 1286; x_wconf 22' lang='lat' dir='ltr'>y</span> <span class='ocrx_word' id='word_1_76' title='bbox 211 1207 289 1273; x_wconf 85' lang='grc' dir='ltr'><em>Ἐάν</em></span> <span class='ocrx_word' id='word_1_77' title='bbox 327 1207 506 1290; x_wconf 75' lang='grc' dir='ltr'><em>κύλινδρος</em></span> <span class='ocrx_word' id='word_1_78' title='bbox 541 1204 682 1293; x_wconf 78' lang='grc' dir='ltr'><em>ἐπιπέδῳ</em></span> <span class='ocrx_word' id='word_1_79' title='bbox 715 1212 825 1290; x_wconf 88' lang='grc' dir='ltr'><em>τμηθῆ</em></span> <span class='ocrx_word' id='word_1_80' title='bbox 859 1207 914 1270; x_wconf 86' lang='grc' dir='ltr'><em>διά</em></span> <span class='ocrx_word' id='word_1_81' title='bbox 945 1214 1005 1270; x_wconf 88' lang='grc' dir='ltr'><em>τοῦ</em></span> <span class='ocrx_word' id='word_1_82' title='bbox 1039 1203 1167 1287; x_wconf 91' lang='grc' dir='ltr'><em>ἄξονος,</em></span> 
     </span>
    </p>

    <p class='ocr_par' dir='ltr' id='par_1_5' title="bbox 98 1309 1167 1822">
     <span class='ocr_line' id='line_1_11' title="bbox 98 1309 1167 1399; baseline 0.005 -27"><span class='ocrx_word' id='word_1_83' title='bbox 98 1325 131 1374; x_wconf 85' lang='grc'><em>10</em></span> <span class='ocrx_word' id='word_1_84' title='bbox 150 1321 260 1399; x_wconf 87' lang='grc' dir='ltr'><em>τμηθῆ</em></span> <span class='ocrx_word' id='word_1_85' title='bbox 291 1309 327 1378; x_wconf 74' lang='grc' dir='ltr'><em>δὲ</em></span> <span class='ocrx_word' id='word_1_86' title='bbox 354 1311 410 1377; x_wconf 84' lang='grc' dir='ltr'><em>καὶ</em></span> <span class='ocrx_word' id='word_1_87' title='bbox 435 1311 533 1399; x_wconf 77' lang='grc' dir='ltr'><em>ἑτέρῳ</em></span> <span class='ocrx_word' id='word_1_88' title='bbox 558 1311 699 1399; x_wconf 78' lang='grc' dir='ltr'><em>ἐπιπέδῳ</em></span> <span class='ocrx_word' id='word_1_89' title='bbox 723 1312 875 1396; x_wconf 88' lang='grc' dir='ltr'><em>τέμνοντι</em></span> <span class='ocrx_word' id='word_1_90' title='bbox 898 1313 935 1377; x_wconf 91' lang='grc' dir='ltr'><em>τὸ</em></span> <span class='ocrx_word' id='word_1_91' title='bbox 959 1321 1017 1395; x_wconf 93' lang='grc' dir='ltr'><em>τῆς</em></span> <span class='ocrx_word' id='word_1_92' title='bbox 1039 1313 1167 1396; x_wconf 87' lang='grc' dir='ltr'><em>βάσεως</em></span> 
     </span>
     <span class='ocr_line' id='line_1_12' title="bbox 150 1415 1165 1502; baseline -0.002 -18"><span class='ocrx_word' id='word_1_93' title='bbox 150 1420 316 1502; x_wconf 85' lang='grc' dir='ltr'><em>ἐπίπεδον,</em></span> <span class='ocrx_word' id='word_1_94' title='bbox 339 1417 359 1501; x_wconf 83' lang='grc' dir='ltr'><em>ἡ</em></span> <span class='ocrx_word' id='word_1_95' title='bbox 385 1415 421 1482; x_wconf 77' lang='grc' dir='ltr'><em>δέ</em></span> <span class='ocrx_word' id='word_1_96' title='bbox 444 1419 538 1502; x_wconf 82' lang='grc' dir='ltr'><em>κοινῆ</em></span> <span class='ocrx_word' id='word_1_97' title='bbox 562 1419 643 1501; x_wconf 85' lang='grc' dir='ltr'><em>τομη</em></span> <span class='ocrx_word' id='word_1_98' title='bbox 667 1427 727 1481; x_wconf 83' lang='grc' dir='ltr'><em>τοῦ</em></span> <span class='ocrx_word' id='word_1_99' title='bbox 750 1442 784 1483; x_wconf 91' lang='grc' dir='ltr'><em>τε</em></span> <span class='ocrx_word' id='word_1_100' title='bbox 807 1428 864 1502; x_wconf 91' lang='grc' dir='ltr'><em>τῆς</em></span> <span class='ocrx_word' id='word_1_101' title='bbox 885 1419 1011 1502; x_wconf 86' lang='grc' dir='ltr'><em>βάσεως</em></span> <span class='ocrx_word' id='word_1_102' title='bbox 1029 1417 1086 1482; x_wconf 79' lang='grc' dir='ltr'><em>καὶ</em></span> <span class='ocrx_word' id='word_1_103' title='bbox 1104 1427 1165 1482; x_wconf 87' lang='grc' dir='ltr'><em>τοῦ</em></span> 
     </span>
     <span class='ocr_line' id='line_1_13' title="bbox 149 1520 1167 1610; baseline -0.002 -20"><span class='ocrx_word' id='word_1_104' title='bbox 149 1525 325 1608; x_wconf 77' lang='grc' dir='ltr'><em>τέμνοντος</em></span> <span class='ocrx_word' id='word_1_105' title='bbox 353 1523 510 1590; x_wconf 85' lang='grc' dir='ltr'><em>ἐπιπέδου</em></span> <span class='ocrx_word' id='word_1_106' title='bbox 538 1525 622 1608; x_wconf 87' lang='grc' dir='ltr'><em>πρὸς·</em></span> <span class='ocrx_word' id='word_1_107' title='bbox 648 1523 754 1607; x_wconf 85' lang='grc' dir='ltr'><em>ὀρθάς</em></span> <span class='ocrx_word' id='word_1_108' title='bbox 780 1520 801 1610; x_wconf 78' lang='grc' dir='ltr'><strong><em>ᾖ</em></strong></span> <span class='ocrx_word' id='word_1_109' title='bbox 829 1535 869 1610; x_wconf 79' lang='grc' dir='ltr'><em>τῆ</em></span> <span class='ocrx_word' id='word_1_110' title='bbox 896 1525 991 1608; x_wconf 84' lang='grc' dir='ltr'><em>βάσει</em></span> <span class='ocrx_word' id='word_1_111' title='bbox 1019 1533 1079 1588; x_wconf 88' lang='grc' dir='ltr'><em>τοῦ</em></span> <span class='ocrx_word' id='word_1_112' title='bbox 1109 1525 1167 1588; x_wconf 83' lang='grc' dir='ltr'><em>διὰ</em></span> 
     </span>
     <span class='ocr_line' id='line_1_14' title="bbox 149 1628 1167 1716; baseline 0 -21"><span class='ocrx_word' id='word_1_113' title='bbox 149 1640 209 1696; x_wconf 88' lang='grc' dir='ltr'><em>τοῦ</em></span> <span class='ocrx_word' id='word_1_114' title='bbox 234 1629 351 1707; x_wconf 80' lang='grc' dir='ltr'><em>ἄξονος</em></span> <span class='ocrx_word' id='word_1_115' title='bbox 373 1629 717 1714; x_wconf 79' lang='grc' dir='ltr'><em>παραλληλογράμμου</em></span> <span class='ocrx_word' id='word_1_116' title='bbox 741 1628 761 1712; x_wconf 79' lang='grc' dir='ltr'><em>ῆ</em></span> <span class='ocrx_word' id='word_1_117' title='bbox 784 1640 823 1714; x_wconf 88' lang='grc' dir='ltr'><em>τῆ</em></span> <span class='ocrx_word' id='word_1_118' title='bbox 847 1628 897 1694; x_wconf 83' lang='grc' dir='ltr'><em>ἐπ’</em></span> <span class='ocrx_word' id='word_1_119' title='bbox 918 1631 1053 1706; x_wconf 86' lang='grc' dir='ltr'><em>εὐθείας</em></span> <span class='ocrx_word' id='word_1_120' title='bbox 1071 1630 1167 1716; x_wconf 88' lang='grc' dir='ltr'><em>αὐτῆ,</em></span> 
     </span>
     <span class='ocr_line' id='line_1_15' title="bbox 150 1721 1167 1822; baseline -0.001 -20"><span class='ocrx_word' id='word_1_121' title='bbox 150 1737 213 1802; x_wconf 88' lang='grc' dir='ltr'><em>άπὸ</em></span> <span class='ocrx_word' id='word_1_122' title='bbox 240 1733 276 1800; x_wconf 76' lang='grc' dir='ltr'><em>δέ</em></span> <span class='ocrx_word' id='word_1_123' title='bbox 299 1746 357 1819; x_wconf 92' lang='grc' dir='ltr'><em>τῆς</em></span> <span class='ocrx_word' id='word_1_124' title='bbox 380 1745 481 1819; x_wconf 94' lang='grc' dir='ltr'><em>τομῆς</em></span> <span class='ocrx_word' id='word_1_125' title='bbox 504 1735 592 1820; x_wconf 85' lang='grc' dir='ltr'><em>ἀχθῆ</em></span> <span class='ocrx_word' id='word_1_126' title='bbox 616 1758 665 1810; x_wconf 89' lang='grc' dir='ltr'><em>τις</em></span> <span class='ocrx_word' id='word_1_127' title='bbox 689 1733 741 1800; x_wconf 80' lang='grc' dir='ltr'><em>ἐπὶ</em></span> <span class='ocrx_word' id='word_1_128' title='bbox 764 1737 825 1819; x_wconf 88' lang='grc' dir='ltr'><em>τῆν</em></span> <span class='ocrx_word' id='word_1_129' title='bbox 845 1721 1022 1822; x_wconf 86' lang='grc' dir='ltr'><em>διάμετρον</em></span> <span class='ocrx_word' id='word_1_130' title='bbox 1039 1737 1167 1822; x_wconf 88' lang='grc' dir='ltr'><em>παράλ-</em></span> 
     </span>
    </p>

    <p class='ocr_par' dir='ltr' id='par_1_6' title="bbox 97 1839 1169 1928">
     <span class='ocr_line' id='line_1_16' title="bbox 97 1839 1169 1928; baseline 0.006 -26"><span class='ocrx_word' id='word_1_131' title='bbox 97 1854 130 1903; x_wconf 83' lang='lat'><em>15</em></span> <span class='ocrx_word' id='word_1_132' title='bbox 149 1849 247 1927; x_wconf 91' lang='grc' dir='ltr'><em>ληλος</em></span> <span class='ocrx_word' id='word_1_133' title='bbox 265 1851 304 1927; x_wconf 90' lang='grc' dir='ltr'><em>τῆ</em></span> <span class='ocrx_word' id='word_1_134' title='bbox 324 1839 477 1928; x_wconf 81' lang='grc' dir='ltr'><em>εἰρημένη</em></span> <span class='ocrx_word' id='word_1_135' title='bbox 497 1852 591 1926; x_wconf 90' lang='grc' dir='ltr'><em>κοινῆ</em></span> <span class='ocrx_word' id='word_1_136' title='bbox 611 1850 692 1926; x_wconf 86' lang='grc' dir='ltr'><em>τομῆ</em></span> <span class='ocrx_word' id='word_1_137' title='bbox 711 1852 778 1906; x_wconf 86' lang='grc' dir='ltr'><em>τῶν</em></span> <span class='ocrx_word' id='word_1_138' title='bbox 797 1841 970 1924; x_wconf 86' lang='grc' dir='ltr'><em>ἐπιπέδων,</em></span> <span class='ocrx_word' id='word_1_139' title='bbox 988 1842 1008 1925; x_wconf 84' lang='grc' dir='ltr'><em>ῆ</em></span> <span class='ocrx_word' id='word_1_140' title='bbox 1025 1842 1169 1926; x_wconf 77' lang='grc' dir='ltr'><em>ἀχθεῖσα</em></span> 
     </span>
    </p>

    <p class='ocr_par' dir='ltr' id='par_1_7' title="bbox 117 1947 1169 2352">
     <span class='ocr_line' id='line_1_17' title="bbox 117 1947 1167 2034; baseline 0 -20"><span class='ocrx_word' id='word_1_141' title='bbox 117 1954 119 1965; x_wconf 52' lang='lat'>¹</span> <span class='ocrx_word' id='word_1_142' title='bbox 149 1951 330 2032; x_wconf 80' lang='grc' dir='ltr'><em>δυνήσεταί</em></span> <span class='ocrx_word' id='word_1_143' title='bbox 345 1971 377 2012; x_wconf 94' lang='grc' dir='ltr'><em>τι</em></span> <span class='ocrx_word' id='word_1_144' title='bbox 395 1951 529 2032; x_wconf 82' lang='grc' dir='ltr'><em>χωρίον,</em></span> <span class='ocrx_word' id='word_1_145' title='bbox 548 1949 631 2032; x_wconf 89' lang='grc' dir='ltr'><em>πρὸς</em></span> <span class='ocrx_word' id='word_1_146' title='bbox 650 1947 667 2011; x_wconf 95' lang='lat'><strong>3</strong></span> <span class='ocrx_word' id='word_1_147' title='bbox 686 1949 723 2012; x_wconf 92' lang='grc' dir='ltr'><em>τὸ</em></span> <span class='ocrx_word' id='word_1_148' title='bbox 742 1949 807 2012; x_wconf 86' lang='grc' dir='ltr'><em>ὑπὸ</em></span> <span class='ocrx_word' id='word_1_149' title='bbox 826 1959 893 2012; x_wconf 84' lang='grc' dir='ltr'><em>τῶν</em></span> <span class='ocrx_word' id='word_1_150' title='bbox 911 1948 1089 2032; x_wconf 78' lang='grc' dir='ltr'><em>τμημάτων</em></span> <span class='ocrx_word' id='word_1_151' title='bbox 1108 1959 1167 2034; x_wconf 89' lang='grc' dir='ltr'><em>τῆς</em></span> 
     </span>
     <span class='ocr_line' id='line_1_18' title="bbox 149 2053 1168 2140; baseline 0.001 -21"><span class='ocrx_word' id='word_1_152' title='bbox 149 2053 327 2140; x_wconf 86' lang='grc' dir='ltr'><em>διαμέτρου</em></span> <span class='ocrx_word' id='word_1_153' title='bbox 355 2064 413 2138; x_wconf 90' lang='grc' dir='ltr'><em>τῆς</em></span> <span class='ocrx_word' id='word_1_154' title='bbox 440 2063 541 2138; x_wconf 80' lang='grc' dir='ltr'><em>τομῆς</em></span> <span class='ocrx_word' id='word_1_155' title='bbox 569 2057 670 2136; x_wconf 89' lang='grc' dir='ltr'><em>λόγον</em></span> <span class='ocrx_word' id='word_1_156' title='bbox 694 2057 772 2137; x_wconf 79' lang='grc' dir='ltr'><em>ἔχει,</em></span> <span class='ocrx_word' id='word_1_157' title='bbox 802 2053 841 2118; x_wconf 88' lang='grc' dir='ltr'><em>ὃν</em></span> <span class='ocrx_word' id='word_1_158' title='bbox 864 2055 900 2118; x_wconf 90' lang='grc' dir='ltr'><em>τὸ</em></span> <span class='ocrx_word' id='word_1_159' title='bbox 925 2053 988 2118; x_wconf 86' lang='grc' dir='ltr'><em>άπὸ</em></span> <span class='ocrx_word' id='word_1_160' title='bbox 1012 2065 1071 2138; x_wconf 87' lang='grc' dir='ltr'><em>τῆς</em></span> <span class='ocrx_word' id='word_1_161' title='bbox 1095 2057 1168 2120; x_wconf 93' lang='grc' dir='ltr'><em>δια-</em></span> 
     </span>
     <span class='ocr_line' id='line_1_19' title="bbox 149 2159 1169 2245; baseline 0.002 -21"><span class='ocrx_word' id='word_1_162' title='bbox 149 2159 271 2245; x_wconf 91' lang='grc' dir='ltr'><em>μέτρου</em></span> <span class='ocrx_word' id='word_1_163' title='bbox 307 2170 365 2244; x_wconf 91' lang='grc' dir='ltr'><em>τῆς</em></span> <span class='ocrx_word' id='word_1_164' title='bbox 398 2169 497 2244; x_wconf 89' lang='grc' dir='ltr'><em>τομῆς</em></span> <span class='ocrx_word' id='word_1_165' title='bbox 528 2161 611 2245; x_wconf 88' lang='grc' dir='ltr'><em>πρὸς</em></span> <span class='ocrx_word' id='word_1_166' title='bbox 642 2161 679 2224; x_wconf 91' lang='grc' dir='ltr'><em>τὸ</em></span> <span class='ocrx_word' id='word_1_167' title='bbox 713 2159 775 2224; x_wconf 87' lang='grc' dir='ltr'><em>ἀπὸ</em></span> <span class='ocrx_word' id='word_1_168' title='bbox 808 2169 865 2244; x_wconf 88' lang='grc' dir='ltr'><em>τῆς</em></span> <span class='ocrx_word' id='word_1_169' title='bbox 898 2159 1077 2245; x_wconf 91' lang='grc' dir='ltr'><em>διαμέτρου</em></span> <span class='ocrx_word' id='word_1_170' title='bbox 1111 2171 1169 2244; x_wconf 92' lang='grc' dir='ltr'><em>τῆς</em></span> 
     </span>
     <span class='ocr_line' id='line_1_20' title="bbox 149 2268 284 2352; baseline -0.015 -20"><span class='ocrx_word' id='word_1_171' title='bbox 149 2268 284 2352; x_wconf 84' lang='grc' dir='ltr'><em>βάσεως.</em></span> 
     </span>
    </p>

    <p class='ocr_par' dir='ltr' id='par_1_8' title="bbox 28 2363 1265 2883">
     <span class='ocr_line' id='line_1_21' title="bbox 28 2363 1265 2458; baseline 0.003 -23"><span class='ocrx_word' id='word_1_172' title='bbox 28 2397 33 2408; x_wconf 86' lang='lat'><strong>·</strong></span> <span class='ocrx_word' id='word_1_173' title='bbox 96 2387 130 2436; x_wconf 78' lang='lat'><em>20</em></span> <span class='ocrx_word' id='word_1_174' title='bbox 216 2376 298 2438; x_wconf 85' lang='grc' dir='ltr'><em>έστω</em></span> <span class='ocrx_word' id='word_1_175' title='bbox 327 2373 519 2458; x_wconf 79' lang='grc' dir='ltr'><em>κύλινδρος,</em></span> <span class='ocrx_word' id='word_1_176' title='bbox 549 2367 589 2436; x_wconf 84' lang='grc' dir='ltr'><em>οὗ</em></span> <span class='ocrx_word' id='word_1_177' title='bbox 618 2370 731 2454; x_wconf 80' lang='grc' dir='ltr'><em>βάσεις</em></span> <span class='ocrx_word' id='word_1_178' title='bbox 758 2369 818 2456; x_wconf 73' lang='grc' dir='ltr'><em>μὲν</em></span> <span class='ocrx_word' id='word_1_179' title='bbox 847 2373 881 2436; x_wconf 72' lang='lat' dir='ltr'><em>oc</em></span> <span class='ocrx_word' id='word_1_180' title='bbox 907 2377 953 2454; x_wconf 83' lang='lat' dir='ltr'><em>A,</em></span> <span class='ocrx_word' id='word_1_181' title='bbox 980 2377 1009 2436; x_wconf 89' lang='grc' dir='ltr'><strong><em>Β</em></strong></span> <span class='ocrx_word' id='word_1_182' title='bbox 1038 2375 1167 2458; x_wconf 92' lang='grc' dir='ltr'><em>κύκλοι,</em></span> <span class='ocrx_word' id='word_1_183' title='bbox 1264 2363 1265 2366; x_wconf 21' lang='lat'>¹</span> 
     </span>
     <span class='ocr_line' id='line_1_22' title="bbox 148 2478 1167 2563; baseline 0 -17"><span class='ocrx_word' id='word_1_184' title='bbox 148 2484 185 2548; x_wconf 91' lang='grc' dir='ltr'><em>τὸ</em></span> <span class='ocrx_word' id='word_1_185' title='bbox 210 2478 247 2546; x_wconf 73' lang='grc' dir='ltr'><em>δὲ</em></span> <span class='ocrx_word' id='word_1_186' title='bbox 270 2481 327 2546; x_wconf 84' lang='grc' dir='ltr'><em>διά</em></span> <span class='ocrx_word' id='word_1_187' title='bbox 350 2489 409 2545; x_wconf 87' lang='grc' dir='ltr'><em>τοῦ</em></span> <span class='ocrx_word' id='word_1_188' title='bbox 433 2479 550 2557; x_wconf 84' lang='grc' dir='ltr'><em>ἄξονος</em></span> <span class='ocrx_word' id='word_1_189' title='bbox 573 2481 915 2563; x_wconf 90' lang='grc' dir='ltr'><em>παραλληλόγραμμον</em></span> <span class='ocrx_word' id='word_1_190' title='bbox 943 2479 980 2542; x_wconf 90' lang='grc' dir='ltr'><em>τὸ</em></span> <span class='ocrx_word' id='word_1_191' title='bbox 1006 2482 1087 2563; x_wconf 84' lang='grc' dir='ltr'><em>ΓΛ,</em></span> <span class='ocrx_word' id='word_1_192' title='bbox 1112 2480 1167 2546; x_wconf 83' lang='grc' dir='ltr'><em>καὶ</em></span> 
     </span>
     <span class='ocr_line' id='line_1_23' title="bbox 148 2583 1169 2673; baseline -0.003 -19"><span class='ocrx_word' id='word_1_193' title='bbox 148 2591 322 2673; x_wconf 78' lang='grc' dir='ltr'><em>τετμήσθω</em></span> <span class='ocrx_word' id='word_1_194' title='bbox 350 2588 367 2653; x_wconf 87' lang='grc' dir='ltr'>ὁ</span> <span class='ocrx_word' id='word_1_195' title='bbox 400 2587 579 2671; x_wconf 84' lang='grc' dir='ltr'><em>κύλινδρος</em></span> <span class='ocrx_word' id='word_1_196' title='bbox 609 2583 763 2671; x_wconf 80' lang='grc' dir='ltr'><em>ἐπιπέδῳ.</em></span> <span class='ocrx_word' id='word_1_197' title='bbox 782 2587 1003 2667; x_wconf 90' lang='grc' dir='ltr'><em>συμπίπτοντι</em></span> <span class='ocrx_word' id='word_1_198' title='bbox 1033 2596 1079 2673; x_wconf 81' lang='grc' dir='ltr'><em>τῷ</em></span> <span class='ocrx_word' id='word_1_199' title='bbox 1111 2597 1169 2671; x_wconf 87' lang='grc' dir='ltr'><em>τῆς</em></span> 
     </span>
     <span class='ocr_line' id='line_1_24' title="bbox 149 2690 1168 2780; baseline -0.003 -20"><span class='ocrx_word' id='word_1_200' title='bbox 149 2697 276 2778; x_wconf 86' lang='grc' dir='ltr'><em>βάσεως</em></span> <span class='ocrx_word' id='word_1_201' title='bbox 299 2692 440 2780; x_wconf 83' lang='grc' dir='ltr'><em>ἐπιπέδῳ</em></span> <span class='ocrx_word' id='word_1_202' title='bbox 465 2690 537 2756; x_wconf 88' lang='grc' dir='ltr'><em>κατ’</em></span> <span class='ocrx_word' id='word_1_203' title='bbox 563 2691 700 2756; x_wconf 80' lang='grc' dir='ltr'><em>εὐθεῖαν</em></span> <span class='ocrx_word' id='word_1_204' title='bbox 724 2690 833 2775; x_wconf 84' lang='grc' dir='ltr'><em>ὀρθην</em></span> <span class='ocrx_word' id='word_1_205' title='bbox 855 2690 939 2774; x_wconf 91' lang='grc' dir='ltr'><em>πρὸς</em></span> <span class='ocrx_word' id='word_1_206' title='bbox 963 2693 1028 2754; x_wconf 88' lang='grc' dir='ltr'><em>ΓΑ</em></span> <span class='ocrx_word' id='word_1_207' title='bbox 1052 2691 1168 2776; x_wconf 82' lang='grc' dir='ltr'><em>ἐκβλη-</em></span> 
     </span>
     <span class='ocr_line' id='line_1_25' title="bbox 148 2794 1169 2883; baseline -0.002 -17"><span class='ocrx_word' id='word_1_208' title='bbox 148 2808 283 2883; x_wconf 78' lang='grc' dir='ltr'><em>θεῖσαν,</em></span> <span class='ocrx_word' id='word_1_209' title='bbox 307 2798 362 2864; x_wconf 85' lang='grc' dir='ltr'><em>καὶ</em></span> <span class='ocrx_word' id='word_1_210' title='bbox 385 2802 467 2863; x_wconf 85' lang='grc' dir='ltr'><em>έστω</em></span> <span class='ocrx_word' id='word_1_211' title='bbox 491 2797 511 2878; x_wconf 82' lang='grc' dir='ltr'><em>η</em></span> <span class='ocrx_word' id='word_1_212' title='bbox 535 2795 694 2880; x_wconf 82' lang='grc' dir='ltr'><em>γενομένη</em></span> <span class='ocrx_word' id='word_1_213' title='bbox 718 2797 798 2879; x_wconf 87' lang='grc' dir='ltr'><em>τομῆ</em></span> <span class='ocrx_word' id='word_1_214' title='bbox 822 2794 842 2877; x_wconf 79' lang='grc' dir='ltr'><em>ἡ</em></span> <span class='ocrx_word' id='word_1_215' title='bbox 866 2799 984 2878; x_wconf 86' lang='grc' dir='ltr'><em>ΕΖΗ,</em></span> <span class='ocrx_word' id='word_1_216' title='bbox 1010 2800 1107 2882; x_wconf 79' lang='grc' dir='ltr'><em>κοινῆ</em></span> <span class='ocrx_word' id='word_1_217' title='bbox 1132 2797 1169 2864; x_wconf 78' lang='grc' dir='ltr'><em>δέ</em></span> 
     </span>
    </p>

    <p class='ocr_par' dir='ltr' id='par_1_9' title="bbox 96 2899 1169 3310">
     <span class='ocr_line' id='line_1_26' title="bbox 96 2899 1169 2990; baseline 0 -21"><span class='ocrx_word' id='word_1_218' title='bbox 96 2919 131 2969; x_wconf 75' lang='grc'><em>25</em></span> <span class='ocrx_word' id='word_1_219' title='bbox 149 2908 232 2990; x_wconf 85' lang='grc' dir='ltr'><em>τομη</em></span> <span class='ocrx_word' id='word_1_220' title='bbox 265 2913 325 2970; x_wconf 84' lang='grc' dir='ltr'><em>τοῦ</em></span> <span class='ocrx_word' id='word_1_221' title='bbox 352 2903 697 2987; x_wconf 76' lang='grc' dir='ltr'><em>παραλληλογράμμου</em></span> <span class='ocrx_word' id='word_1_222' title='bbox 725 2900 779 2964; x_wconf 82' lang='grc' dir='ltr'><em>καὶ</em></span> <span class='ocrx_word' id='word_1_223' title='bbox 806 2909 866 2964; x_wconf 83' lang='grc' dir='ltr'><em>τοῦ</em></span> <span class='ocrx_word' id='word_1_224' title='bbox 894 2899 1072 2984; x_wconf 89' lang='grc' dir='ltr'><em>τέμνοντος</em></span> <span class='ocrx_word' id='word_1_225' title='bbox 1100 2904 1169 2969; x_wconf 93' lang='grc' dir='ltr'><em>ἐπι-</em></span> 
     </span>
     <span class='ocr_line' id='line_1_27' title="bbox 149 3002 1169 3094; baseline -0.001 -16"><span class='ocrx_word' id='word_1_226' title='bbox 149 3011 253 3078; x_wconf 89' lang='grc' dir='ltr'><em>πέδου</em></span> <span class='ocrx_word' id='word_1_227' title='bbox 283 3009 303 3093; x_wconf 84' lang='grc' dir='ltr'><em>ῆ</em></span> <span class='ocrx_word' id='word_1_228' title='bbox 333 3013 407 3074; x_wconf 84' lang='grc' dir='ltr'><em>ΕΗ</em></span> <span class='ocrx_word' id='word_1_229' title='bbox 430 3009 604 3093; x_wconf 87' lang='grc' dir='ltr'><em>διάμετρος</em></span> <span class='ocrx_word' id='word_1_230' title='bbox 627 3002 711 3071; x_wconf 83' lang='grc' dir='ltr'><em>οὖσα</em></span> <span class='ocrx_word' id='word_1_231' title='bbox 733 3015 790 3089; x_wconf 88' lang='grc' dir='ltr'><em>τῆς</em></span> <span class='ocrx_word' id='word_1_232' title='bbox 813 3015 926 3091; x_wconf 87' lang='grc' dir='ltr'><em>τομῆς,</em></span> <span class='ocrx_word' id='word_1_233' title='bbox 955 3007 999 3083; x_wconf 83' lang='grc' dir='ltr'><em>ὡς</em></span> <span class='ocrx_word' id='word_1_234' title='bbox 1023 3008 1169 3094; x_wconf 87' lang='grc' dir='ltr'><em>ἐδείχθη.</em></span> 
     </span>
     <span class='ocr_line' id='line_1_28' title="bbox 150 3098 1167 3204; baseline -0.004 -19"><span class='ocrx_word' id='word_1_235' title='bbox 150 3098 339 3204; x_wconf 83' lang='grc' dir='ltr'><em>ληφθέντος</em></span> <span class='ocrx_word' id='word_1_236' title='bbox 372 3115 412 3180; x_wconf 90' lang='grc' dir='ltr'><em>δέ</em></span> <span class='ocrx_word' id='word_1_237' title='bbox 441 3137 531 3190; x_wconf 91' lang='grc' dir='ltr'><em>τινος</em></span> <span class='ocrx_word' id='word_1_238' title='bbox 563 3115 700 3197; x_wconf 87' lang='grc' dir='ltr'><em>σημείου</em></span> <span class='ocrx_word' id='word_1_239' title='bbox 737 3111 789 3176; x_wconf 80' lang='grc' dir='ltr'><em>ἐπὶ</em></span> <span class='ocrx_word' id='word_1_240' title='bbox 825 3122 883 3196; x_wconf 91' lang='grc' dir='ltr'><em>τῆς</em></span> <span class='ocrx_word' id='word_1_241' title='bbox 915 3122 1015 3196; x_wconf 88' lang='grc' dir='ltr'><em>τομῆς</em></span> <span class='ocrx_word' id='word_1_242' title='bbox 1047 3125 1108 3180; x_wconf 87' lang='grc' dir='ltr'><em>τοῦ</em></span> <span class='ocrx_word' id='word_1_243' title='bbox 1140 3123 1167 3181; x_wconf 93' lang='grc' dir='ltr'>Ζ</span> 
     </span>
     <span class='ocr_line' id='line_1_29' title="bbox 148 3219 1169 3310; baseline -0.004 -18"><span class='ocrx_word' id='word_1_244' title='bbox 148 3227 305 3310; x_wconf 82' lang='grc' dir='ltr'><em>κατῆχθω</em></span> <span class='ocrx_word' id='word_1_245' title='bbox 334 3219 390 3286; x_wconf 86' lang='grc' dir='ltr'><em>ἄπ’</em></span> <span class='ocrx_word' id='word_1_246' title='bbox 417 3221 520 3285; x_wconf 85' lang='grc' dir='ltr'><em>αὐτοῦ</em></span> <span class='ocrx_word' id='word_1_247' title='bbox 545 3219 597 3284; x_wconf 83' lang='grc' dir='ltr'><em>ἐπὶ</em></span> <span class='ocrx_word' id='word_1_248' title='bbox 620 3221 681 3302; x_wconf 87' lang='grc' dir='ltr'><em>τῆν</em></span> <span class='ocrx_word' id='word_1_249' title='bbox 704 3219 880 3305; x_wconf 88' lang='grc' dir='ltr'><em>διάμετρον</em></span> <span class='ocrx_word' id='word_1_250' title='bbox 904 3219 1019 3284; x_wconf 77' lang='grc' dir='ltr'><em>εὐθεῖα</em></span> <span class='ocrx_word' id='word_1_251' title='bbox 1042 3223 1169 3308; x_wconf 87' lang='grc' dir='ltr'><em>παράλ-</em></span> 
     </span>
    </p>
   </div>
   <div class='ocr_carea' id='block_1_3' title="bbox 224 3445 1167 3523">
    <p class='ocr_par' dir='ltr' id='par_1_10' title="bbox 224 3445 1167 3523">
     <span class='ocr_line' id='line_1_30' title="bbox 224 3445 1167 3523; baseline -0.002 -16"><span class='ocrx_word' id='word_1_252' title='bbox 224 3462 246 3508; x_wconf 91' lang='grc'><em>1.</em></span> <span class='ocrx_word' id='word_1_253' title='bbox 269 3453 332 3523; x_wconf 87' lang='grc' dir='ltr'><em>ΖΔ]</em></span> <span class='ocrx_word' id='word_1_254' title='bbox 351 3469 384 3520; x_wconf 80' lang='lat' dir='ltr'><em>p,</em></span> <span class='ocrx_word' id='word_1_255' title='bbox 409 3466 461 3503; x_wconf 88' lang='lat' dir='ltr'><em>om.</em></span> <span class='ocrx_word' id='word_1_256' title='bbox 482 3449 535 3502; x_wconf 83' lang='lat' dir='ltr'><em>Vc.</em></span> <span class='ocrx_word' id='word_1_257' title='bbox 609 3453 633 3500; x_wconf 79' lang='lat'><em>2.</em></span> <span class='ocrx_word' id='word_1_258' title='bbox 653 3445 769 3516; x_wconf 53' lang='lat' dir='ltr'>malm]</span> <span class='ocrx_word' id='word_1_259' title='bbox 790 3463 873 3514; x_wconf 76' lang='lat' dir='ltr'>supra</span> <span class='ocrx_word' id='word_1_260' title='bbox 893 3462 943 3499; x_wconf 81' lang='lat' dir='ltr'>scr.</span> <span class='ocrx_word' id='word_1_261' title='bbox 963 3463 998 3500; x_wconf 89' lang='lat' dir='ltr'><em>m.</em></span> <span class='ocrx_word' id='word_1_262' title='bbox 1021 3452 1035 3500; x_wconf 91' lang='lat'>1</span> <span class='ocrx_word' id='word_1_263' title='bbox 1056 3465 1078 3502; x_wconf 88' lang='grc' dir='ltr'><em>ο.</em></span> <span class='ocrx_word' id='word_1_264' title='bbox 1143 3455 1167 3506; x_wconf 83' lang='lat'><em>5.</em></span> 
     </span>
    </p>
   </div>
   <div class='ocr_carea' id='block_1_4' title="bbox 150 3515 1168 3595">
    <p class='ocr_par' dir='ltr' id='par_1_11' title="bbox 150 3515 1168 3595">
     <span class='ocr_line' id='line_1_31' title="bbox 150 3515 1168 3595; baseline -0.008 -15"><span class='ocrx_word' id='word_1_265' title='bbox 150 3523 249 3595; x_wconf 70' lang='grc' dir='ltr'><em>οὕτως]</em></span> <span class='ocrx_word' id='word_1_266' title='bbox 270 3522 341 3578; x_wconf 79' lang='grc' dir='ltr'><em>οᾶτω</em></span> <span class='ocrx_word' id='word_1_267' title='bbox 359 3540 387 3590; x_wconf 88' lang='lat' dir='ltr'><em>p.</em></span> <span class='ocrx_word' id='word_1_268' title='bbox 475 3525 499 3572; x_wconf 87' lang='grc'><em>6.</em></span> <span class='ocrx_word' id='word_1_269' title='bbox 519 3516 534 3573; x_wconf 92' lang='lat'><strong>3</strong></span> <span class='ocrx_word' id='word_1_270' title='bbox 553 3515 699 3586; x_wconf 83' lang='grc' dir='ltr'><em>προέκειτο</em></span> <span class='ocrx_word' id='word_1_271' title='bbox 720 3516 820 3587; x_wconf 82' lang='grc' dir='ltr'><em>δεῖξαι]</em></span> <span class='ocrx_word' id='word_1_272' title='bbox 840 3533 893 3572; x_wconf 89' lang='lat' dir='ltr'><em>om.</em></span> <span class='ocrx_word' id='word_1_273' title='bbox 912 3535 939 3585; x_wconf 86' lang='lat' dir='ltr'><em>p.</em></span> <span class='ocrx_word' id='word_1_274' title='bbox 1022 3522 1046 3571; x_wconf 90' lang='lat'><em>8.</em></span> <span class='ocrx_word' id='word_1_275' title='bbox 1067 3519 1121 3591; x_wconf 86' lang='grc' dir='ltr'><em>ιδ’]</em></span> <span class='ocrx_word' id='word_1_276' title='bbox 1141 3540 1168 3592; x_wconf 77' lang='lat' dir='ltr'><em>p,</em></span> 
     </span>
    </p>
   </div>
   <div class='ocr_carea' id='block_1_5' title="bbox 0 0 1299 3882">
    <p class='ocr_par' dir='ltr' id='par_1_12' title="bbox 0 0 1299 3882">
     <span class='ocr_line' id='line_1_32' title="bbox 0 0 1299 3882; baseline 0 0"><span class='ocrx_word' id='word_1_277' title='bbox 0 0 1299 3882; x_wconf 95' lang='lat' dir='ltr'><em> </em></span> 
     </span>
    </p>
   </div>
  </div>
 </body>
</html>
