2594 3878
315 314 317 318 ⁷
429 247 478 295 nn
497 245 672 296 suorronu
691 246 870 297 urrinnai.
1092 243 1154 306 113

144 389 191 454 sit
215 389 352 454 circulus
378 393 420 471 Z,
449 389 517 452 axis
542 393 650 452 autem
675 393 750 471 ZB,
776 392 809 452 et
832 411 889 472 per
913 392 974 452 ΓΖ
998 411 1154 472 axemque

142 496 278 580 planum
310 496 446 559 ducatur
476 495 512 558 in
542 515 622 559 cono
653 493 795 558 efficiens
824 498 929 559 ΒΗΘ
955 495 1155 581 triangulum

143 624 203 686 per
227 623 319 665 axem
341 601 495 685 positum,
518 605 551 664 et
575 601 614 664 ad
639 603 700 664 ΓΖ
722 601 994 686 perpendicularis
1018 603 1155 667 ducatur

144 712 214 773 ΓΚ
242 708 277 770 in
308 708 405 792 plano
439 707 550 772 circuli
584 711 611 770 Z
642 707 763 791 posita,
793 729 851 794 per
884 710 951 771 ΓΚ
981 713 1089 773 autem
1122 714 1154 774 et

142 819 316 898 utramque
345 817 425 897 ΓΔ,
455 815 517 878 ΓΕ
546 813 643 897 plana
675 815 834 878 ducantur
867 835 983 878 conum
1014 816 1156 880 secontia

141 921 352 1004 efficiantque
384 943 441 1005 per
472 920 648 984 sectionem
680 920 714 984 in
747 919 914 1004 superficie
948 921 1020 984 coni
1052 920 1154 986 lineas

143 1032 275 1111 AAM,
298 1031 337 1092 N
338 1027 414 1110 ΕΞ,
436 1027 471 1090 in
493 1027 592 1111 plano
616 1031 725 1091 autem
748 1027 904 1112 trianguli
924 1031 1028 1090 ΒΗΘ
1050 1033 1155 1092 rectas

143 1138 227 1218 AF,
258 1139 297 1199 N
300 1137 340 1213 Γ;
373 1134 520 1198 diametri
552 1133 654 1219 igitur
686 1133 865 1198 sectionum
895 1137 1021 1216 AAM,
1054 1134 1159 1208 ΝΕΞ

143 1246 224 1306 sunt
251 1245 357 1306 rectae
382 1245 470 1324 AM,
498 1245 536 1306 Ν
538 1240 572 1312 Ξ.
619 1241 685 1304 iam
709 1241 748 1304 ad
772 1241 946 1304 diametros
971 1245 1060 1324 AM,
1087 1246 1126 1306 N
1128 1241 1159 1314 Ξ

144 1348 295 1412 ordinate
314 1348 473 1412 ducantur
486 1353 519 1411 A
527 1353 569 1430 0,
583 1351 656 1411 ΕΠ
670 1347 951 1431 producanturque
966 1348 1007 1411 ad
1022 1347 1156 1412 alteram

142 1459 274 1540 partem
293 1453 474 1540 superficiei
493 1455 533 1518 ad
552 1459 592 1537 P,
612 1459 652 1518 Σ.
690 1453 843 1538 quoniam
861 1453 964 1538 igitur
982 1458 1071 1519 recta
1091 1458 1156 1519 ΓΔ

145 1561 270 1626 lineam
288 1567 353 1626 AA
358 1566 400 1626 M
415 1561 450 1624 in
464 1565 584 1644 puncto
599 1565 632 1625 A
646 1560 816 1644 contingit,
837 1560 1045 1643 ordinateque
1060 1563 1157 1626 ducta

144 1672 201 1732 est
224 1673 305 1751 AO,
329 1668 390 1732 erit
414 1671 500 1732 AF:
517 1670 593 1732 ΓΜ
602 1697 644 1720 =
660 1671 747 1731 AO:
764 1671 836 1731 ΟΜ
855 1666 1021 1751 [Apollon.
1041 1667 1064 1750 l,
1084 1669 1156 1752 36];

143 1779 183 1840 et
228 1775 339 1838 eadem
380 1775 418 1838 de
460 1796 557 1838 causa
598 1773 660 1837 erit
700 1772 1155 1852 Nszra⁴=N11:ng;

142 1882 258 1964 itaque
303 1885 436 1965 propter
481 1879 739 1964 propositionem
784 1880 1027 1962 praecedentem
1068 1885 1157 1945 recta

142 1991 268 2072 puncta
287 1992 324 2071 0,
343 1993 382 2052 Π
397 1987 594 2071 coniungens
612 1987 771 2070 producta
787 2008 845 2070 per
864 1985 1020 2050 uerticem
1038 1987 1156 2052 ueniet.

142 2095 284 2159 dueatur
310 2094 414 2180 igitur
439 2097 548 2158 OHB.
595 2097 627 2156 et
653 2092 806 2178 quoniam
829 2097 965 2178 utraque
988 2098 1068 2178 ΕΣ,
1092 2099 1161 2161 ΛΡ
1272 2146 1274 2150 -

141 2203 254 2264 rectae
274 2202 341 2263 ΓΚ
359 2199 514 2283 parallelo
533 2203 591 2284 est,
608 2204 641 2262 A
647 2203 677 2262 P
691 2203 723 2263 et
742 2203 812 2263 ΕΣ
826 2199 912 2263 inter
930 2222 964 2264 se
983 2201 1155 2284 parallelae

142 2311 224 2372 sunt
247 2306 353 2390 [Eucl.
376 2305 437 2390 XI,
460 2305 495 2389 9]
524 2309 556 2369 et
583 2305 618 2368 in
645 2327 709 2370 uno
737 2306 835 2389 plano
864 2305 999 2390 positae.
1044 2308 1154 2391 itaque

142 2414 280 2499 planum
307 2435 365 2497 per
389 2416 492 2476 ΒΠΟ
520 2416 553 2475 et
576 2416 656 2495 ΕΣ,
684 2415 753 2476 ΛΡ
770 2413 964 2496 productum
987 2413 1022 2476 in
1045 2436 1156 2496 super·
1197 2486 1200 2496 ,

142 2519 218 2584 ficie
243 2518 315 2584 coni
336 2519 512 2583 sectionem
531 2518 650 2582 efficiet
669 2517 869 2602 triangulum
889 2517 1052 2601 [Apollon.
1067 2517 1155 2604 1,3];

142 2629 268 2710 puncta
290 2625 393 2710 igitur
411 2629 450 2708 E,
469 2631 503 2689 A
524 2625 560 2688 in
583 2623 751 2707 superficie
776 2623 849 2687 coni
871 2623 979 2707 posita
1001 2623 1036 2688 in
1054 2624 1156 2690 latero

143 2735 224 2795 sunt
260 2731 417 2817 trianguli
454 2731 654 2814 triangulum
686 2733 791 2793 ΒΗΘ
827 2730 1001 2794 secundum
1033 2737 1155 2797 rectam

141 2842 251 2902 ΒΠΟ
292 2838 439 2902 secantis.
499 2838 611 2902 eodem
652 2841 761 2904 autem
800 2837 896 2901 modo
933 2836 968 2901 in
1005 2839 1155 2904 omnibus

141 2944 410 3030 contingentibus
439 2944 524 3008 idem
552 2943 680 3008 euenire
709 2944 962 3028 demonstratur,
995 2945 1094 3010 etiam
1120 2947 1156 3010 in

141 3051 243 3116 rectis
271 3051 307 3114 in
330 3055 369 3135 P,
397 3055 432 3116 Σ
453 3050 725 3136 contingentibus.
772 3071 848 3135 ergo
873 3072 983 3116 omnes
1007 3057 1112 3118 rectae
1136 3077 1156 3117 a

143 3161 181 3232 Γ
207 3157 410 3242 superficiem
443 3157 588 3222 conicam
617 3157 840 3242 contingentes
867 3157 903 3220 in
929 3157 1032 3223 latera
1058 3159 1154 3224 unius

141 3263 302 3350 trianguli
326 3264 458 3342 cadunt3
482 3263 568 3346 quod
591 3268 660 3328 erat
683 3263 976 3328 demonstrandum.
