2574 3882
151 190 193 254 36
421 187 508 238 ΠΕΡΙ
526 155 740 237 Κνιιαιεου
759 185 895 237 ΤοιιΗΣ.

217 331 365 416 φανερὸν
388 327 435 412 δέ,
459 330 520 412 ὅτι,
542 328 606 393 κάν
628 330 675 404 είς
697 329 734 393 τὸ
757 326 871 413 ἕτερον
893 325 993 412 μέρος
1016 326 1164 413 ἐκβληθῇ

150 436 245 523 μέχρι
272 445 332 501 τοῦ
356 441 411 519 M,
440 437 519 520 ὅπερ
543 433 633 500 ἐστὶν
656 433 709 500 ἐπὶ
732 444 790 517 τῆς
813 433 1006 518 ἐπιφανείας
1029 442 1088 510 τοῦ
1112 458 1167 499 κυ-

151 545 305 630 λίνδρου,
334 544 409 627 δίχα
437 545 527 607 ἐσται
556 539 736 625 τετμημένη
759 541 842 605 κατὰ
865 541 902 605 τὸ
927 545 964 605 Ζ.
1010 539 1079 606 ἐπεὶ
1102 542 1166 626 γὰρ

151 651 171 734 ῆ
196 654 261 715 ΓΑ
284 649 458 734 διάμετρος
479 649 563 733 πρὸς
585 647 692 733 ὀρθάς
715 647 783 712 ἐστι
805 657 845 732 τῆ
871 650 950 730 ΘΚ,
980 653 1034 731 ἴση
1058 649 1167 734 άραὴ

116 760 222 822 οΘΚ
242 767 281 842 τῆ
304 760 384 821 ΚΝ.
430 753 484 820 καὶ
507 754 711 840 παράλληλοι
735 755 772 818 αλ
788 757 881 835 ΜΝ,
901 756 984 837 ΛΚ,
1003 759 1085 819 ΗΘ·
1111 761 1165 838 ἴση

153 866 217 949 ιρι
240 863 260 947 ἡ
284 868 357 928 ΜΖ
380 872 419 948 ιη
444 867 516 926 ΖΕ.

630 984 687 1068 ιβ’.

215 1112 292 1178 Ἐάν
315 1112 493 1197 κύλινδρος
512 1110 653 1198 ἐπιπέδῳ
673 1117 783 1195 τμηθῆ
802 1108 956 1194 τέμνοντι
974 1107 1035 1195 μὲν
1053 1112 1091 1174 τὸ
1110 1119 1169 1193 τῆς
1254 1171 1258 1180 ,

151 1221 277 1304 βάσεως
305 1219 463 1284 ἐπίπεδον
491 1218 582 1295 ἐκτὸς
608 1227 669 1282 τοῦ
696 1219 836 1301 κύκλου,
861 1216 881 1300 ῆ
906 1215 943 1282 δέ
965 1218 1060 1300 κοινῆ
1084 1218 1168 1300 τομῆ

100 1339 133 1388 10
152 1338 219 1391 τῶν
248 1324 411 1389 ἐπιπέδων
440 1326 523 1408 πρὸς
552 1325 660 1409 ὀρθὰς
688 1318 710 1410 ᾗ
740 1334 779 1409 τῆ
809 1323 903 1406 βάσει
933 1332 993 1388 τοῦ
1021 1323 1077 1387 διά
1107 1332 1168 1387 τοῦ

152 1429 269 1508 ἄξονος
295 1430 639 1514 παραλληλογράμμου
668 1428 750 1514 ῆτῆ
774 1427 824 1493 ἐπ’
850 1429 984 1505 εὐθείας
1007 1429 1105 1514 αὐτῆ,
1133 1431 1172 1494 αι’

153 1537 310 1619 ἀγόμεναι
338 1535 468 1599 εὐθεῖαι
497 1533 560 1599 άπὸ
587 1544 644 1618 τῆς
666 1544 768 1619 τομῆς
790 1544 848 1619 τῆς
871 1535 907 1600 έν
929 1546 969 1621 τῆ
993 1534 1170 1623 ἐπιφανείᾳ

152 1651 213 1707 τοῦ
235 1642 418 1726 κυλίνδρου
441 1638 619 1725 γενομένης
641 1640 706 1705 ὐπὸ
730 1650 790 1705 τοῦ
810 1638 987 1725 τέμνοντος
1010 1641 1169 1708 ἐπιπέδου
1280 1641 1281 1648 '

152 1748 357 1832 παράλληλοι
380 1756 419 1832 τῆ
442 1749 526 1833 πρὸς
549 1747 655 1833 ὀρθάς
677 1757 717 1834 τῆ
740 1747 835 1831 βάσει
858 1757 918 1812 τοῦ
939 1749 996 1814 διά
1013 1757 1074 1814 τοῦ
1092 1748 1168 1827 ἄξο-

101 1869 134 1918 15
153 1881 212 1932 νος
233 1853 579 1941 παραλληλογράμμου
602 1853 622 1937 ῆ
646 1863 684 1939 τῆ
709 1851 759 1918 ἐπ’
780 1854 914 1930 εὐθείας
933 1854 1016 1939 αὐτῆ
1036 1853 1089 1920 έπὶ
1106 1858 1169 1940 τῆν
1281 1901 1282 1930 ι

153 1964 270 2046 κοινὴν
293 1963 397 2045 τομῆν
415 1971 482 2024 τῶν
501 1959 666 2026 ἐπιπέδων
683 1969 863 2026 πεσοῦνται
886 1959 941 2024 καὶ
963 1966 1167 2047 προσεκβαλ-

153 2072 289 2153 λόμεναι
311 2067 372 2144 ἕως
395 2076 455 2131 τοῦ
479 2065 592 2153 ἑτέρου
612 2066 734 2152 μέρους
751 2077 809 2150 τῆς
827 2076 928 2151 τομῆς
947 2069 1023 2152 δίχα
1041 2071 1168 2152 τμηθῆ-

154 2192 270 2240 σονται
288 2174 354 2238 ὑπὸ
372 2183 430 2258 τῆς
448 2184 562 2257 κοινῆς
580 2183 680 2258 τομῆς
698 2185 766 2238 τῶν
784 2172 958 2257 ἐπιπέδων,
972 2172 1028 2238 καὶ
1045 2174 1066 2258 ῆ
1085 2177 1169 2259 πρὸς

154 2282 260 2366 ὀρθάς
283 2291 322 2366 τῆ
343 2280 437 2363 βάσει
456 2287 516 2344 τοῦ
535 2280 591 2345 διὰ
609 2289 670 2344 τοῦ
689 2279 806 2358 άξονος
823 2281 1168 2366 παραλληλογράμμου

100 2403 135 2450 20
154 2388 174 2474 ῆ
198 2400 237 2475 τῆ
262 2386 311 2454 ἐπ’
332 2387 465 2462 εὐθείας
485 2387 567 2472 αὐτῆ
586 2386 694 2472 ὀρθοῦ
713 2383 773 2471 μέν
792 2389 888 2463 ὄντος
905 2395 965 2451 τοῦ
983 2389 1166 2473 κυλίνδρου
1282 2401 1283 2404 ’

153 2498 237 2583 πρὸς
264 2496 370 2582 ὀρθάς
397 2497 487 2559 ἔσται
514 2490 569 2558 καὶ
597 2502 635 2578 τῆ
663 2503 759 2579 κοινῆ
782 2503 864 2580 τομῆ
887 2501 947 2557 τοῦ
970 2516 1005 2557 τε
1028 2494 1085 2558 διὰ
1107 2504 1167 2559 τοῦ

154 2601 271 2682 άξονος
291 2600 635 2688 παραλληλογράμμου
653 2598 709 2664 καὶ
727 2609 787 2665 τοῦ
806 2598 982 2684 τέμνοντος
1001 2599 1167 2684 ἐπιπέδου,

155 2717 322 2794 σκαληνοῦ
337 2707 374 2774 δὲ
392 2711 489 2785 ὄντος
507 2706 627 2791 οὐκέτι,
646 2709 732 2792 πλῆν
751 2707 886 2772 ὅταντὸ
905 2707 962 2770 διὰ
975 2715 1035 2771 τοῦ
1051 2703 1168 2784 ἄξονος

156 2816 311 2881 ἐπίπεδον
333 2815 417 2900 πρὸς
439 2814 545 2900 ὀρθὰς
567 2808 589 2900 ᾖ
612 2823 651 2898 τῆ
674 2813 769 2897 βάσει
791 2822 851 2877 τοῦ
874 2814 1065 2898 κυλίνδρου.

102 2934 137 2984 25
223 2925 305 2986 ἔστα
328 2921 516 3006 κύλινδρος,
540 2916 580 2984 οὗ
603 2920 716 3003 βάσεις
739 2917 799 3003 μὲν
818 2920 852 2984 οί
868 2926 914 3003 Α,
934 2924 962 2984 Β
981 2921 1107 3003 κύκλοι,
1129 2922 1167 2985 τὸ

157 3025 193 3092 δέ
228 3029 288 3100 διὰ
315 3035 375 3090 τοῦ
408 3024 525 3103 άξονος
555 3028 899 3112 παραλληλόγραμμον
931 3027 968 3091 τὸ
1001 3029 1081 3110 ΓΔ,
1113 3025 1168 3092 καὶ

227 3227 251 3276 5.
272 3221 347 3286 MN,
362 3224 424 3288 ΛΚ,
441 3219 515 3291 ΗΘ]
532 3221 606 3286 ΝΜ,
621 3223 685 3286 ΚΛ,
702 3222 762 3274 ΘΗ
774 3237 801 3288 p.
857 3225 881 3273 6,
904 3220 971 3291 ΖΕ]
988 3222 1013 3273 Ε
1026 3236 1042 3273 e
1056 3236 1123 3274 corr.
1139 3238 1166 3288 p.

192 3298 216 3347 8.
240 3292 351 3362 τμηθῆ]
375 3290 419 3344 bis
438 3291 463 3344 V
486 3293 555 3344 extr.
575 3293 604 3343 et
622 3289 683 3344 init.
703 3289 752 3344 lin.
844 3295 885 3344 12.
911 3291 1034 3362 εὐθεῖαι]
1059 3291 1167 3344 abhoc

155 3398 294 3453 uocabulo
312 3397 413 3467 incipit
430 3397 478 3452 fol.
497 3403 546 3452 ιιο
565 3397 595 3450 in
613 3396 646 3466 v,
672 3363 709 3438 ά
724 3397 788 3452 τοι,
803 3415 838 3451 m.
854 3404 879 3452 ν.
942 3401 984 3451 13.
1003 3394 1166 3470 γενομένης]

156 3471 190 3538 V,
218 3467 384 3539 γινομένηςλ
403 3485 430 3538 c,
457 3465 648 3538 τεμ(ν)ομένης
670 3486 696 3537 p.
789 3474 830 3524 14.
858 3476 908 3523 τοῦ
930 3465 995 3539 διά]
1018 3479 1051 3541 τῆ
1071 3467 1119 3524 διά
1142 3486 1165 3524 e.

193 3547 234 3594 15.
253 3541 321 3594 Post
340 3541 410 3612 αὐτῆ
432 3539 486 3595 del.
506 3539 536 3594 αὶ
554 3539 690 3609 ἀγόμεναι
710 3540 821 3594 εὐθεῖαι
838 3558 865 3609 p.
939 3537 985 3593 ἐπί
1003 3572 1036 3581 -
1058 3547 1098 3595 16.
1117 3559 1167 3596 πε-
