2604 3880
143 220 210 286 264
460 223 547 273 nm
564 221 693 274 νόμον
711 223 847 276 ΤοΜΗε.

148 366 319 451 τεσσάρων
333 364 509 449 τμημάτων
523 363 678 450 μέγιστον
692 363 753 450 μὲν
767 369 857 431 ἐσται
871 368 908 432 τὸ
919 377 975 452 τῆς
985 367 1158 444 ἐλάττονος

146 475 257 557 μεῖζον
280 480 403 556 τμῆμα,
427 470 599 555 ἐλάχιστον
623 469 660 537 δὲ
682 474 719 537 τὸ
744 475 887 538 ἐλαττον.

214 581 361 643 ἔστωσαν
402 579 531 643 εὐθεῖαι
572 580 634 643 δύο
677 581 787 644 άνισοι
828 581 865 644 αί
903 585 1017 664 ΑΒΓ,
1055 585 1155 646 ΔΕΖ

146 683 341 770 διῃρημέναι
359 685 441 749 κατά
459 685 500 748 τὰ
518 689 547 748 Β
565 682 620 749 καί
639 690 670 748 Ε
687 697 814 770 σημεῖα,
833 687 916 751 ὥστε
934 689 995 771 την
1013 685 1074 772 μέν
1086 693 1118 752 Δ
1123 693 1156 752 Ε

110 803 127 850 5
146 799 204 875 της
227 796 290 855 ΕΖ
317 793 450 876 μείζονα
479 785 578 874 εἶναι,
606 793 667 875 τὴν
690 788 726 856 δὲ
749 797 815 856 AB
839 802 896 876 της
920 797 987 858 ΒΓ
1004 796 1048 878 μὴ
1070 789 1156 858 εἶναι

147 897 318 981 ἐλάσσονα,
342 895 397 962 καὶ
419 899 538 981 μείζων
560 894 621 981 μὲν
645 900 727 963 ἔστω
752 898 772 982 A
791 904 823 962 A
830 902 862 963 F
879 908 936 983 της
955 906 988 964 A
995 905 1036 985 Z,
1057 901 1097 965 τδι
1118 896 1155 964 δὲ

146 1004 209 1070 άπὸ
233 1015 300 1069 τῶν
323 1009 404 1087 AB,
428 1007 496 1068 ΒΓ
513 1005 702 1090 τετράγωνα
725 1017 794 1082 τοῖς
817 1004 881 1071 άπὸ
904 1018 971 1072 τῶν
989 1011 1071 1089 ΛΕ,
1091 1011 1155 1070 ΕΖ

145 1112 364 1197 τετραγώνοις
388 1117 451 1175 ίσα.
498 1108 598 1194 λέγω,
622 1111 762 1176 ὅτιτῶν
785 1116 866 1196 AB,
890 1116 966 1196 BF,
988 1117 1069 1196 AE,
1092 1117 1158 1178 ΕΖ

147 1218 290 1283 εὐθειῶν
313 1220 448 1302 μεγίστη
471 1215 532 1301 μέν
555 1216 645 1282 ἐστιν
667 1217 688 1300 A
708 1223 790 1302 ΛΕ,
814 1217 965 1302 ἐλαχίστη
989 1216 1025 1284 δὲ
1043 1218 1063 1301 A
1083 1223 1170 1288 ΕΖ..

95 1336 130 1384 10
215 1325 309 1408 ἤχθω
333 1325 415 1410 πρὸς
438 1323 545 1410 ὀρθάς
567 1333 606 1408 τη
626 1327 697 1388 ΑΓ
714 1324 734 1407 A
753 1328 827 1388 BH
847 1330 900 1408 ίση
924 1321 1007 1390 οὖσα
1025 1334 1064 1410 τῇ
1084 1328 1157 1408 ΒΓ,

147 1428 202 1494 καὶ
226 1429 409 1513 ἐπεζεύχθω
432 1429 452 1512 A
476 1434 558 1513 AH,
581 1428 637 1494 καὶ
659 1428 735 1516 περὶ
757 1432 794 1495 τὸ
816 1435 927 1495 ΑΒΗ
946 1429 1158 1516 ὀρθογώνιον

149 1536 331 1620 γεγράφθω
364 1535 568 1620 ἡμικύκλιον.
619 1535 688 1602 ἐπεὶ
720 1533 782 1603 οὖν
813 1536 833 1620 A
862 1541 929 1602 AB
956 1538 1072 1603 εὐθεῖα
1100 1547 1160 1622 της

147 1645 221 1706 ΒΗ
240 1643 302 1707 ούκ
321 1642 410 1707 ἐστιν
430 1642 587 1726 ἐλάττων,
610 1641 665 1708 καὶ
683 1643 703 1726 A
723 1648 789 1708 AB
808 1645 872 1729 άρα
890 1643 1082 1730 περιφέρεια
1100 1653 1158 1728 τῆς

147 1753 222 1813 ΒΗ
241 1750 302 1814 ούκ
326 1748 416 1814 ἐστιν
437 1749 593 1816 ἐλάττων
617 1749 721 1836 ηάρα
744 1759 801 1834 τῆς
820 1755 931 1814 ΑΕΗ
949 1753 1158 1836 περιφερείας

93 1870 127 1918 15
148 1857 319 1941 διχοτομία
346 1858 419 1940 ύτοι
447 1858 588 1922 κατὰτὸ
613 1862 641 1921 Β
665 1860 755 1922 ἔσται
779 1855 798 1939 A
823 1855 875 1921 ἐπί
898 1867 955 1942 τῆς
978 1863 1044 1922 AB
1067 1879 1158 1943 περι-

147 1966 290 2048 φερείας,
310 1955 383 2028 οἷον
401 1965 483 2028 κατὰ
501 1968 538 2028 Ε.
575 1963 593 2028 ὁ
613 1965 677 2050 άρα
695 1963 819 2052 κέντρῳ
839 1961 899 2049 μὲν
917 1975 956 2051 τῇ
976 1966 1159 2051 διχοτομία,

147 2069 342 2152 διαστήματι
380 2065 416 2132 δὲ
453 2069 663 2157 ὁποτερφοῦν
699 2081 765 2136 τῶν
800 2077 846 2154 A,
878 2074 918 2135 H
949 2074 1160 2159 γραφόμενος

146 2177 267 2251 κύκλος
289 2173 357 2258 ἣξει
380 2172 435 2239 καὶ
459 2175 515 2239 διὰ
533 2184 593 2239 τοῦ
614 2179 650 2258 Γ,
674 2177 719 2252 ὡς
736 2179 951 2262 προεδείχθη·
976 2177 1157 2262 γεγράφθω

147 2278 209 2348 οὖν
236 2278 291 2346 καὶ
319 2284 401 2346 ε”στω
430 2280 621 2346 ὁΑΚΓΗ.
668 2281 737 2347 ἐπεὶ
765 2280 826 2350 οὖν
854 2287 891 2350 τὸ
920 2284 982 2349 άπὸ
1010 2293 1067 2368 τῆς
1090 2289 1158 2348 ΔΖ

93 2402 128 2450 20
147 2391 257 2474 μεῖζόν
287 2388 355 2454 ἐστι
382 2399 449 2453 τῶν
472 2387 536 2453 άπὸ
559 2393 640 2473 ΛΕ,
668 2394 747 2473 ΕΖ,
775 2391 815 2454 τά
838 2387 875 2454 δὲ
898 2390 961 2454 άπὸ
985 2401 1052 2455 τῶν
1075 2395 1158 2474 ΔΕ,

146 2501 210 2560 ΕΖ
238 2501 293 2560 ίσα
320 2505 365 2584 τῷ
395 2494 458 2560 άπὸ
485 2504 543 2579 τῆς
566 2500 653 2579 AH,
680 2495 736 2560 καὶ
764 2498 800 2561 τὸ
829 2495 892 2562 άπὸ
919 2505 977 2580 της
999 2501 1066 2561 ΛΖ
1094 2498 1158 2583 άρα

148 2605 258 2687 μεῖζόν
284 2602 352 2668 έστι
375 2611 435 2666 τοῦ
460 2601 523 2667 άπὸ
546 2612 604 2686 της
627 2607 712 2667 ΑΗ·
740 2606 858 2687 μείζων
881 2605 945 2689 άρα
967 2602 988 2686 A
1011 2607 1077 2668 ΔΖ
1101 2613 1160 2688 τῆς

147 2713 227 2773 ΑΗ.
265 2708 408 2775 ἐλάττων
431 2705 468 2773 δὲ
486 2707 506 2791 A
526 2714 559 2773 Λ
566 2713 593 2772 Ζ
612 2719 670 2793 της
688 2713 767 2773 AF·
791 2711 937 2776 δυνατὸν
955 2711 1020 2797 άρα
1038 2708 1158 2793 μεταξὺ

147 2825 214 2878 τῶν
237 2819 316 2898 AF,
345 2819 421 2879 AH
444 2815 587 2880 εὐθειῶν
611 2815 789 2901 ἐναρμόσαι
812 2825 857 2903 τῷ
882 2819 1029 2880 AKFH
1046 2817 1158 2903 κύκλφ

94 2933 129 2982 25
149 2919 286 2985 εὐθεῖαν
324 2927 400 3004 ίσην
435 2931 474 3006 τῇ
512 2928 545 2986 Δ
552 2927 587 2986 Ζ.
643 2921 838 3006 ἐνηρμόσθω
876 2921 896 3005 A
933 2928 966 2986 Α
973 2927 1062 3005 AM,
1102 2920 1159 2986 καλ

149 3026 331 3111 ἐπεζεύχθω
360 3027 380 3110 A
409 3032 492 3092 AH·
525 3035 578 3112 ίση
607 3031 671 3114 άρα
698 3030 754 3093 διὰ
781 3030 822 3093 τά
849 3026 1108 3115 προδεδειγμένα
1137 3027 1157 3110 A

219 3226 243 3275 6.
263 3217 373 3292 μείζων]
391 3239 423 3290 p,
448 3223 541 3290 μεῖζον
560 3221 593 3275 V.
680 3227 704 3276 9.
730 3221 815 3294 ἐστιν]
837 3220 911 3276 ἐσται
929 3240 956 3292 p.
1031 3217 1157 3346 ἐλαχίστη

148 3289 196 3364 δέ]
214 3309 271 3361 rep.
287 3310 341 3362 mg.
357 3311 393 3346 m.
408 3309 461 3347 rec.
476 3292 503 3346 V
522 3291 581 3346 sine
595 3291 783 3346 necessitate?
829 3297 870 3346 13.
885 3293 934 3347 καὶ
948 3292 965 3362 η
978 3299 1064 3347 -14,
1094 3289 1158 3346 λάτ-

146 3365 213 3434 των]
233 3381 317 3432 supra
337 3380 387 3417 ser.
407 3381 442 3417 m.
464 3370 477 3416 1
497 3381 523 3432 p.
607 3368 647 3418 13.
669 3362 735 3435 ἄρα]
755 3380 808 3418 om.
827 3382 854 3432 p.
938 3370 979 3419 15.
999 3363 1073 3435 Am]
1093 3362 1111 3431 A
1129 3381 1157 3432 p.

184 3432 270 3505 ἔσται]
290 3433 363 3489 ἐστιν
381 3452 408 3504 p.
500 3440 541 3488 16.
568 3434 608 3504 Θ]
628 3435 659 3488 τὸ
681 3437 749 3504 (Ap.
832 3439 872 3488 19.
893 3431 944 3491 οὖν
959 3436 1038 3506 (pr.)]
1058 3451 1111 3489 om.
1129 3452 1158 3504 p.

183 3510 224 3557 24.
244 3511 266 3558 A
273 3505 315 3575 H]
335 3523 385 3594 πρ,
404 3505 506 3559 lacuna
526 3505 706 3574 absumptum
723 3505 756 3559 V.
830 3511 872 3561 26.
892 3505 959 3578 ἄρα]
979 3505 1034 3574 ἄρα
1054 3501 1111 3560 ἐστί
1128 3523 1155 3575 p.

182 3576 414 3646 προδεδειγμενα]
433 3594 487 3645 vp,
511 3597 528 3645 γ
547 3593 631 3645 supra
650 3593 700 3630 ser.
719 3594 755 3631 m.
777 3583 790 3630 1
810 3577 843 3632 V.
