2574 3882
323 923 386 996 DE
416 923 649 996 SEOTIONE
679 919 918 994 OYLINDRI.

182 1097 263 1163 Cum
286 1099 444 1183 uiderem,
471 1097 554 1182 Cyre
578 1096 694 1180 amice,
718 1096 838 1160 multos
862 1117 988 1179 eorum,
1012 1095 1125 1179 quiin

117 1205 297 1292 geometria
318 1208 534 1286 uersarentur,
559 1202 735 1266 sectionem
753 1206 973 1266 transuersam
993 1201 1129 1285 cylindri

116 1336 135 1377 a
166 1311 307 1376 sectione
332 1309 418 1394 coni,
446 1331 527 1392 quae
551 1308 674 1392 ellipsis
698 1313 846 1392 uocatur,
873 1308 1034 1373 diuersam
1058 1331 1128 1374 esse

115 1423 245 1502 putare,
278 1414 388 1480 censui
415 1437 482 1479 non
509 1418 659 1498 oportere
687 1436 742 1480 eos
770 1415 805 1478 in
831 1416 894 1480 hoo
922 1437 1029 1480 errore
1057 1437 1128 1480 esse

117 1524 227 1588 sinere·
241 1528 273 1587 et
291 1522 381 1606 ipsos
401 1527 433 1586 et
450 1521 566 1605 quibus
581 1521 829 1606 persuasissent,
847 1527 884 1585 nt
898 1522 946 1586 ita
960 1521 1127 1586 sentirent.

119 1651 315 1714 quamquam
326 1627 427 1692 cuiuis
439 1627 614 1692 absurdum
624 1627 727 1692 uideri
736 1650 867 1692 necesse
876 1633 934 1711 est,
945 1633 1126 1712 geometras

115 1737 154 1800 de
165 1735 364 1822 geometrico
372 1734 573 1819 problemate
584 1733 759 1817 quidquam
771 1734 839 1798 sine
850 1734 1127 1799 demonstratione

114 1839 1128 1926 pronuntiaresimiliaqueuericonsectari‚idquodageometria

117 1949 256 2014 maxime
280 1948 461 2012 abhorreat.
508 1947 564 2011 sed
588 1946 744 2031 quidquid
766 1946 800 2010 id
823 1951 883 2032 est,
906 1947 1059 2031 quoniam
1078 1946 1127 2010 illi

116 2056 163 2120 ita
184 2055 338 2140 sentiunt,
359 2075 420 2118 nos
437 2075 516 2118 uero
535 2075 602 2118 non
620 2052 830 2137 adsentimur,
852 2074 912 2139 age
932 2053 1127 2139 geometrice

118 2163 376 2227 demonstremus
407 2183 539 2224 necesse
571 2182 642 2224 esse
670 2160 847 2224 sectionem
880 2181 996 2245 genere
1029 2182 1127 2224 unam

118 2269 316 2352 eandemque
335 2289 404 2331 esse
423 2267 458 2330 in
475 2271 614 2349 utraque
633 2265 748 2351 figura,
771 2287 853 2330 cono
873 2265 944 2330 dico
965 2266 1126 2350 cylindro-

120 2397 191 2460 que‚
210 2375 265 2439 sed
285 2378 373 2438 certo
392 2373 533 2457 quodam
552 2373 657 2450 modo,
675 2393 741 2436 non
761 2373 1002 2456 quoquomodo
1019 2372 1126 2438 sectis.
1158 2385 1161 2392 '

183 2481 267 2546 sicut
313 2484 422 2544 autem
467 2484 616 2543 ueterum
662 2479 718 2562 qui
764 2479 876 2543 conica
917 2479 1126 2564 scripserunt,

117 2586 282 2652 communi
340 2585 473 2650 notione
529 2585 603 2649 coni
653 2605 720 2649 non
770 2589 950 2670 steterunt,
1009 2607 1126 2649 conum

117 2693 195 2757 oriri
240 2691 404 2776 triangulo
450 2691 640 2776 rectengulo
686 2689 883 2755 circumacto
930 2691 1035 2775 [Eucl.
1077 2690 1125 2756 XI

118 2799 178 2864 def.
204 2798 269 2882 18],
287 2798 343 2862 sed
362 2797 581 2861 definitionem
601 2796 791 2880 ampliorem
810 2801 843 2861 et
860 2797 1128 2863 uniuersaliorem

118 2904 385 2991 excogitauerunt
421 2925 520 2968 conos
556 2925 622 2967 non
654 2908 760 2969 rectos
793 2905 902 2987 modo,
941 2906 996 2970 sed
1029 2906 1128 2971 etiam

118 3013 266 3096 obliquos
296 3015 514 3097 supponentes
543 3009 709 3095 [Apollon.
733 3033 802 3076 eon.
826 3013 840 3076 l
864 3036 893 3097 p.
915 3011 962 3096 6]‚
992 3013 1040 3077 ita
1066 3033 1127 3076 nos

118 3141 253 3204 quoque,
267 3118 421 3202 quoniam
433 3117 641 3202 propositum
656 3123 715 3202 est,
728 3123 765 3182 ut
779 3119 817 3183 de
833 3118 969 3203 cylindri
984 3119 1127 3184 sectione

119 3248 318 3311 quaeramus,
336 3247 402 3289 non
421 3230 546 3290 rectum
567 3225 671 3288 solum
687 3225 859 3309 seligentes
873 3226 908 3289 in
923 3248 960 3290 eo
975 3247 1127 3310 quaerere

118 3488 216 3558 ὁμοίως
230 3492 311 3556 Vvo;
330 3495 349 3556 †
368 3494 397 3544 et
415 3489 445 3542 in
458 3509 512 3560 mg.
528 3455 587 3557 illst
605 3490 675 3558 puto
690 3487 763 3558 ὅμως
776 3507 811 3543 m.
826 3505 880 3544 rec.
891 3489 924 3543 V.
982 3493 1023 3542 18.
1038 3489 1125 3557 ὀρθο-

119 3594 232 3668 γωνίου]
252 3615 279 3666 p,
301 3596 453 3669 ὀρθογώνῳ
472 3597 505 3665 V,
525 3575 657 3666 dottoyotdi
675 3611 696 3648 c.

935 3688 948 3735 1
956 3684 968 3712 *
