2604 3880
151 233 218 297 284
462 237 549 286 ΠΕΡΙ
566 234 695 288 mor
713 235 848 288 νοιτεε.

218 374 287 442 ἐπεὶ
314 378 377 464 γὰρ
406 377 423 443 6
447 382 487 442 Η
509 379 629 454 κύκλος
656 379 740 464 πρὸς
762 379 821 442 τὸν
847 383 875 443 (δ
897 379 1019 443 κύκλον
1042 379 1158 443 διπλα-

151 486 247 548 σίονα
275 485 376 566 λόγον
403 486 468 568 ἔχει
494 485 577 570 ἥπερ
604 483 624 567 ἡ
649 488 714 549 ΓΔ
740 486 824 570 πρὸς
846 489 923 571 ΕΖ,
951 485 995 560 ῶς
1022 480 1059 549 δὲ
1081 485 1099 550 6
1123 489 1163 550 Η

150 591 271 666 κύκλος
297 591 379 676 πρὸς
405 592 465 655 τὸν
490 596 518 656 Θ
544 592 681 674 κύκλον,
709 591 815 667 οὕτως
842 591 859 657 ὁ
883 594 1027 658 ΑΗΓΛ
1052 601 1159 668 κῶνος

150 697 234 782 πρὸς
256 697 315 761 τὸν
334 701 468 762 ΒΘΕΖ
490 708 613 762 κῶνον·
638 699 787 776 ἰσοϋψεῖς
804 697 881 783 γοίρ·
905 695 960 762 καὶ
983 697 1001 762 6
1019 701 1158 763 ΑΗΓΔ

116 819 132 867 5
151 805 215 890 ἄρα
237 813 344 880 κῶνος
366 805 449 889 πρὸς
471 805 530 868 τὸν
548 808 683 868 ΒΘΕΖ
706 815 815 869 κῶνον
838 805 1035 870 διπλασίονα
1058 807 1158 886 λόγον

151 913 216 994 ἔχει
242 911 324 996 ἤπερ
352 909 372 993 ἡ
397 913 458 974 ΓΔ
484 911 567 996 πρὸς
589 915 668 994 ΕΖ,
695 909 867 976 τουτέστιν
893 913 975 996 ἥπερ
999 912 1036 976 τὸ
1060 915 1159 976 ΑΓΔ

151 1020 315 1103 τρίγωνον
341 1018 424 1104 πρὸς
450 1018 488 1082 τὸ
514 1021 612 1082 ΒΕΖ
639 1020 817 1103 τρίγωνον·
845 1018 924 1104 ὅπερ
952 1019 1019 1083 ἔδει
1047 1016 1160 1096 δείξαι.

624 1210 685 1295 ἕν’·

215 1335 292 1402 Ἐδιν
314 1334 414 1422 ὀρθοὶ
436 1347 538 1401 κῶνοι
560 1337 643 1422 πρὸς
661 1335 824 1420 ἀλλήλους
842 1337 1040 1402 διπλασίονα
1058 1339 1162 1420 λόγον

100 1457 133 1505 10
152 1446 272 1527 ἔχωσιν
303 1444 385 1528 ἥπερ
418 1443 458 1506 τδι
486 1443 542 1506 διδ
569 1452 637 1506 τῶν
665 1441 792 1520 ἀξόνων
819 1447 978 1530 τρίγωνα,
1012 1445 1163 1522 ἰσοϋψεῖς
1203 1462 1207 1469 ·

152 1552 282 1615 ἔσονται
305 1551 340 1614 ολ
360 1561 470 1614 κῶνοι.

217 1656 546 1742 καταγεγραφθωσαυ
587 1656 622 1720 oc
659 1666 774 1739 κῶνοι,
814 1653 870 1720 καὶ
909 1655 1099 1722 ὑποκείσθω
1141 1655 1160 1722 6

151 1765 290 1827 ΑΗΓΔ
323 1773 429 1839 κῶνος
460 1763 543 1849 πρὸς
575 1763 634 1828 τὸν
666 1767 799 1828 ΒΘΕΖ
831 1764 1028 1828 διπλασίονα
1059 1765 1162 1846 λόγου

153 1871 240 1953 ἔχειν
258 1870 340 1952 ἥπερ
359 1871 397 1934 τὸ
414 1873 514 1934 ΑΓΔ
533 1874 697 1956 τρίγωνον
715 1870 797 1956 πρὸς
815 1871 852 1934 τὸ
872 1873 969 1934 ΒΕΖ
987 1873 1160 1955 τρίγωνον.

101 1988 134 2036 15
154 1973 253 2058 λέγω,
276 1976 327 2040 δτι
350 1975 369 2058 ἡ
394 1980 470 2040 ΑΗ
490 1983 543 2059 ίση
566 1975 636 2041 ἐστὶ
658 1985 697 2061 τῇ
721 1981 794 2041 ΒΘ.

217 2084 341 2145 κείσθω
365 2091 410 2168 τῷ
430 2086 527 2146 ΒΕΖ
550 2084 701 2170 τριγώνῳ
726 2089 800 2147 ἴσον
818 2084 855 2148 τὸ
872 2087 971 2148 ΚΓΔ
988 2087 1161 2170 τρίγωνον.

151 2183 221 2250 ἐπεὶ
253 2182 315 2252 οὖν
347 2187 364 2252 6
392 2191 532 2252 ΑΗΓΛ
561 2199 668 2265 κῶνος
696 2191 779 2273 πρὸς
806 2191 865 2254 τὸν
892 2195 1025 2255 ΒΘΕΖ
1051 2201 1163 2255 κῶνον

153 2292 350 2357 διπλασίονα
377 2297 478 2375 λόγον
506 2297 570 2378 ἔχει
598 2296 680 2380 ἤπερ
708 2295 744 2359 τὸ
769 2300 801 2358 Α
807 2297 868 2360 ΓΛ
892 2299 1056 2382 τρίγωνον
1078 2297 1162 2382 πρὸς

151 2399 189 2463 τὸ
204 2403 316 2483 ΒΕΖ,
336 2405 410 2464 ἴσον
424 2396 461 2464 δὲ
474 2401 511 2465 τὸ
527 2405 624 2464 ΒΕΖ
643 2403 807 2486 τρίγωνον
825 2410 871 2488 τῷ
885 2404 920 2464 Κ
923 2404 984 2466 ΓΔ
998 2402 1161 2489 τριγώνῳ,

99 2506 170 2571 206
195 2507 258 2592 ἄρα
281 2509 420 2570 ΑΗΓΛ
442 2517 548 2583 κῶνος
570 2508 653 2593 πρὸς
675 2508 734 2572 τὸν
757 2511 890 2572 ΒΘΕΖ
913 2519 1022 2600 κῶνον
1045 2509 1160 2573 διπλα-

153 2616 249 2677 σίονα
281 2615 381 2695 λόγον
414 2615 479 2696 ἔχει
510 2615 592 2700 ἤπερ
625 2615 662 2678 τὸ
690 2616 789 2677 ΑΓΛ
820 2617 985 2700 τρίγωνον
1014 2615 1097 2700 πρὸς
1123 2615 1162 2678 τὸ

153 2721 252 2782 ΚΓΔ
284 2723 463 2804 τρίγωνον,
495 2718 665 2784 τουτέστιν
695 2721 778 2806 ἥπερ
810 2719 830 2802 ἡ
863 2724 937 2784 ΑΗ
966 2721 1049 2806 πρὸς
1079 2723 1163 2804 HK,

153 2823 322 2890 τουτέστιν
354 2826 436 2911 ἥπερ
469 2824 486 2890 6
514 2829 653 2890 ΑΗΓΛ
684 2835 791 2902 κῶνος
822 2827 905 2913 πρὸς
936 2827 995 2890 τὸν
1022 2829 1098 2890 ΚΗ
1101 2830 1163 2891 ΓΔ

152 2943 273 2996 κῶνον·
307 2931 351 3007 ὡς
379 2933 442 3017 ἄρα
471 2931 488 2996 6
516 2935 655 2995 ΑΗΓΔ
681 2933 764 3017 πρὸς
790 2933 850 2997 τὸν
877 2935 1016 2996 ΚΗΓΛ
1043 2943 1164 3016 κῶνον,

100 3037 259 3114 κολούτως
290 3038 308 3103 6
340 3041 479 3102 ΚΗΓΔ
500 3039 593 3124 ’πρὸς
624 3039 682 3103 τὸν
715 3042 857 3103 ΒΘΕΖ.
907 3037 962 3103 καὶ
994 3037 1062 3104 ἐπεὶ
1094 3049 1165 3103 τῶν

224 3229 535 3302 λ.ΕΖ]ν,τὴνΕΖ
556 3229 613 3300 Vp.
688 3234 711 3283 ⁷.
736 3231 833 3302 BEZ]
858 3233 939 3284 ΕΒΖ
957 3231 990 3288 V.
1063 3233 1161 3300 τρίγω-

154 3323 205 3358 νον
220 3301 291 3372 (αλλ.)
328 3319 381 3357 om.
399 3319 426 3370 p.
500 3299 567 3370 ὅπερ
589 3299 645 3354 ἔδει
663 3300 765 3372 δεῖξαι]
784 3319 814 3370 v,
839 3317 892 3357 om.
912 3303 968 3372 Vp.
1059 3309 1084 3358 8.
1103 3303 1161 3374 ξγ’]

154 3391 207 3428 om.
222 3374 278 3443 Vv,
313 3374 343 3427 α’
359 3391 386 3442 p,
406 3372 452 3443 ξδ’
466 3391 502 3426 m.
520 3389 574 3426 ree.
588 3372 614 3426 V
632 3371 685 3427 bis.
759 3377 800 3426 14.
819 3375 955 3442 τρίγωνον
964 3373 1047 3445 (alt.)]
1067 3390 1119 3428 om.
1135 3392 1162 3443 p.

191 3451 232 3499 16.
250 3445 399 3516 τρίγωνον]
419 3460 471 3498 om.
486 3462 512 3512 p.
570 3448 610 3497 18.
629 3440 777 3515 τρίγωνον]
798 3460 850 3499 om.
863 3463 890 3514 p.
953 3449 994 3498 19.
1013 3443 1162 3516 τρίγωνον]

155 3531 208 3569 om.
227 3533 253 3584 p.
315 3516 450 3588 τριγώνῳ]
470 3531 523 3569 om.
542 3533 568 3583 p.
642 3519 684 3569 21.
703 3511 852 3587 τρίγωνον]
871 3533 923 3571 om.
943 3533 969 3585 p.
1043 3522 1085 3570 22.
1105 3517 1165 3584 τρί-

155 3586 258 3656 γωυον]
269 3601 322 3639 0m.
333 3604 359 3654 p.
416 3586 594 3656 23.ΚΗΓΔ]
609 3585 775 3640 KHAPV.
826 3587 1163 3658 24.u&vov(utrumque)]
