2604 3880
144 191 209 255 226
458 191 546 242 ΠΕΡΙ
563 189 693 242 mor
710 190 847 245 νοΜΗΣ.

212 337 294 400 ἔστω
316 344 450 419 πρῶτον
474 339 536 416 ἴση.

211 440 270 505 ἐὰν
297 435 359 505 οὖν
386 438 501 524 πάλιν,
528 440 566 505 τὸ
594 441 729 522 εἰωθός,
757 437 794 503 ἐν
822 447 867 527 τῷ
890 441 1000 527 κύκλῳ
1029 449 1069 527 τῇ
1095 444 1169 506 ΓΔ

1233 315 1236 320 ’
1286 319 1292 420 1

144 549 227 633 πρὸς
250 546 356 633 ὀρθὰς
380 545 554 630 ἀγάγωμεν
576 547 635 622 τὰς
653 550 739 629 ΗΛ,
757 549 846 630 ΜΒ,
868 544 924 610 καὶ
945 545 1168 632 ἐπιζεύξωμεν
1291 559 1292 566 ’

144 656 205 738 την
228 657 305 737 ΒΛ,
328 654 384 718 διὰ
407 653 447 717 τὰ
470 651 645 736 δειχθέντα
666 652 824 728 πολλάκις
846 651 866 735 η
890 656 964 717 HA
986 654 1070 738 πρὸς
1092 657 1164 718 ΑΒ

109 764 276 845 ομείζονιι
303 763 405 842 λόγον
431 757 494 837 ἔξει
521 761 603 844 ἥπερ
631 757 651 841 ἡ
679 763 758 823 ΒΜ
780 760 862 844 πρὸς
884 763 970 823 ΗΛ·
998 760 1081 824 ὥστε
1104 759 1165 825 κοιὶ

144 869 181 932 τὸ
210 868 266 932 διὰ
293 878 362 932 τῶν
391 869 478 948 ΑΗ,
507 869 577 930 ΗΛ
605 862 770 942 ἰσοσκελὲς
792 867 902 949 μεῖζόν
926 864 995 930 ἐστι
1018 875 1078 930 τοῦ
1103 867 1163 932 διὰ

143 983 203 1039 τοῦ
227 973 344 1052 ἄξονος
368 975 566 1048 ἴσοσκεῖοῦς.

211 1084 242 1146 εἴ
264 1078 301 1146 δὲ
319 1081 339 1164 ἡ
360 1083 432 1144 ΖΗ
448 1077 591 1144 ἐλάττων
610 1077 679 1144 ἐστὶ
697 1088 755 1162 τῆς
774 1078 809 1143 ἐκ
827 1087 888 1143 τοῦ
905 1077 1055 1164 κέντρου,
1076 1083 1160 1146 ἔστω

143 1187 163 1270 ἡ
187 1192 266 1253 ΗΝ
286 1193 340 1270 ἴση
363 1196 402 1272 τῇ
426 1185 462 1250 έκ
484 1195 544 1250 τοῦ
567 1183 715 1271 κέντρου.
761 1181 830 1249 ἐπεὶ
851 1180 914 1251 οὖν
936 1185 957 1268 ἡ
980 1189 1052 1250 HA
1075 1189 1161 1272 πρὸς

90 1305 124 1353 10
143 1299 208 1358 ΑΒ
237 1297 368 1379 μείζονα
396 1295 497 1375 λόγον
525 1295 590 1376 ἔχει
616 1293 698 1376 ἥπερ
726 1290 747 1374 η
772 1295 841 1356 ΗΖ
863 1292 947 1376 πρὸς
972 1296 1048 1376 ΖΒ,
1076 1291 1096 1374 ἡ
1122 1290 1159 1358 δὲ

142 1405 212 1464 ΗΖ
239 1401 323 1486 πρὸς
351 1403 413 1462 ΖΒ
440 1402 572 1482 μείζονα
600 1401 701 1480 λόγον
728 1400 806 1492 ἔχει,
820 1399 903 1484 ἥπερ
930 1399 951 1482 ἡ
977 1402 1056 1463 ΗΝ
1074 1402 1158 1486 πρὸς

142 1511 221 1589 ΝΒ,
244 1503 299 1570 καὶ
322 1505 342 1588 η
366 1506 430 1590 ἄρα
449 1509 522 1569 HA
539 1505 622 1591 πρὸς
638 1508 702 1568 ΑΒ
721 1508 852 1588 μείζονα
871 1508 972 1588 λόγον
990 1507 1055 1588 ἔχει
1073 1507 1157 1593 ἄτερ

142 1611 162 1694 ἡ
186 1615 265 1676 ΗΝ
287 1613 370 1697 πρὸς
392 1615 476 1694 ΝΒ,
504 1609 675 1676 τουτέστιν
701 1611 783 1696 ἤπερ
816 1610 836 1694 ἡ
864 1615 944 1676 ΒΜ
964 1613 1048 1696 πρὸς
1075 1617 1156 1677 HA.

141 1716 197 1783 καῖ
229 1717 335 1794 οὕτως
366 1718 404 1782 τὸ
436 1718 493 1781 διὰ
516 1722 582 1800 ’τῆς
613 1720 690 1780 AH
719 1714 883 1793 ἰσοσκελὲς
916 1726 976 1781 τοῦ
1007 1718 1063 1782 διὰ
1095 1727 1157 1783 τοῦ

90 1837 123 1884 15
142 1824 260 1902 ἄξονος
284 1827 474 1900 ἴσοσκελοῦς
496 1827 606 1907 μεῖζον
629 1825 728 1887 ἔσται.

209 1933 240 1995 εἴ
273 1926 309 1994 δὲ
343 1928 363 2012 ἡ
400 1933 472 1993 ΖΗ
501 1931 620 2013 μείζων
654 1925 722 1993 ἐστὶ
756 1936 815 2011 της
847 1927 882 1993 έκ
914 1938 974 1993 τοῦ
1004 1927 1157 2016 κέντρου,

143 2037 274 2119 διήχθω
307 2035 327 2118 ἡ
358 2035 421 2108 ΖΞ
452 2041 505 2117 ἴση
533 2044 572 2120 τῇ
601 2033 636 2099 έκ
663 2043 723 2099 τοῦ
750 2033 898 2120 κέντρου.
949 2034 1018 2100 ἐπεὶ
1045 2032 1107 2102 οὖν
1135 2038 1156 2121 ἡ

141 2142 206 2206 ὑπὸ
226 2141 323 2215 ΞΖΒ
346 2141 386 2206 οὐ
404 2144 522 2224 μείζων
542 2138 610 2205 ἐστὶ
629 2150 686 2223 τῆς
704 2142 769 2206 ὑπὸ
791 2146 904 2225 ΖΑΒ,
928 2141 1156 2226 ἐπιζευχθεῖσα

141 2249 205 2333 ἄρα
234 2248 254 2332 ἡ
278 2247 343 2322 ΞΑ
370 2247 452 2332 πρὸς
475 2251 541 2310 AB
569 2250 702 2330 μείζονα
729 2250 833 2330 λόγον
854 2246 917 2326 ἕξει
940 2249 1023 2334 ἄτερ
1046 2247 1066 2330 ἡ
1091 2247 1154 2321 ΞΖ

87 2369 121 2417 20
140 2355 224 2441 πρὸς
248 2358 319 2419 ΖΒ.
358 2353 402 2431 ὡς
425 2349 462 2418 δὲ
485 2351 505 2436 ι)
526 2352 586 2426 ΞΖ
609 2354 692 2439 πρὸς
713 2357 790 2437 ΖΒ,
813 2354 918 2430 οᾶτως
940 2354 960 2438 ἡ
979 2358 1059 2418 ΒΜ
1071 2356 1155 2441 πρὸς

140 2461 216 2534 ΞΟ·
244 2461 265 2545 η
289 2463 353 2549 ἄρα
376 2460 441 2535 ΞΑ
463 2461 547 2547 πρὸς
570 2463 636 2524 AB
659 2463 790 2544 μείζονα
813 2462 915 2542 λόγον
938 2463 1003 2544 ἔχει
1026 2462 1108 2548 ἥπερ
1131 2460 1152 2544 ἡ

139 2572 212 2633 ΜΒ
240 2570 323 2656 πρὸς
346 2568 416 2643 ΞΟ.
462 2569 500 2634 το
528 2569 592 2654 ἄρα
621 2568 677 2632 διὰ
700 2577 767 2632 τῶν
791 2567 870 2650 ΑΞ,
900 2567 963 2641 ΞΟ
987 2565 1153 2645 ἰσοσκελὲς

139 2679 249 2758 μεῖζόν
277 2675 346 2741 ἐστι
373 2685 433 2740 τοῦ
460 2676 517 2740 διὰ
545 2682 604 2740 τοῦ
628 2673 746 2752 ἄξονος
770 2675 973 2750 ἴσοσκελοῦς·
1003 2674 1065 2738 οὐκ
1087 2675 1153 2760 ἄρα

139 2782 176 2845 τὸ
209 2783 265 2845 διὰ
297 2790 357 2846 τοῦ
390 2781 507 2860 ἄξονος
540 2777 705 2856 ἰσοσκελὲς
737 2780 872 2844 πάντων
900 2779 1055 2864 μέγιστόν
1083 2779 1152 2844 ἐστι

87 2899 121 2948 25
140 2898 207 2951 τῶν
244 2885 427 2973 εἰρημένων
465 2891 653 2954 ἰσοσκελῶν.
720 2886 854 2970 ἐδείχθη
891 2885 943 2971 δέ,
967 2887 1036 2951 ’ὅτι
1073 2883 1153 2951 οὐδὲ

139 3029 192 3038 .—

211 3119 234 3167 2.
254 3112 297 3186 τό]
315 3112 388 3168 κατὰ
401 3114 432 3169 τό
446 3115 556 3185 Halley.
611 3121 635 3168 3.
656 3113 758 3186 ὀρθάς]
775 3132 837 3184 vop,
857 3113 981 3182 euan.V‚
1001 3138 1043 3184 „·:·
1059 3111 1152 3182 ὀρθάς

140 3188 254 3254 apogr.“
277 3203 333 3254 mg.
352 3203 388 3239 m.
407 3201 461 3241 reo.
552 3185 628 3257 ΜΒ]
651 3189 716 3240 ΒΜ
733 3204 760 3256 p.
851 3191 892 3241 10.
917 3183 1027 3256 2‘1(pr.)]
1051 3184 1097 3238 bis
1116 3185 1150 3239 V.

176 3262 216 3310 11.
236 3255 324 3328 ἥπερ]
344 3255 420 3325 εἴπερ
439 3274 462 3312 ο.
554 3264 594 3312 12.
616 3255 776 3326 κωῖἡᾶροι
795 3256 987 3346 HAjinras.
1006 3273 1033 3324 p.
1108 3262 1151 3309 13.

139 3329 208 3398 NB]
226 3346 258 3397 p,
284 3332 338 3381 ΗΒ
357 3327 410 3382 Vc.
493 3335 534 3383 14.
554 3326 701 3400 naqfort.
722 3327 863 3382 ἄστεκαι.
935 3335 984 3396 τῆς
1001 3327 1077 3451 AR}
1095 3336 1152 3381 τῶν

138 3402 201 3464 ΑΗ,
218 3403 274 3452 ΗΛ
292 3398 472 3468 Halleycum
486 3399 589 3454 Comm.
644 3407 694 3453 τοῦ
704 3399 778 3470 (pr.)]
797 3417 823 3468 p,
843 3397 874 3452 τό
888 3398 942 3452 Vc.
999 3401 1039 3450 15.
1076 3413 1139 3451 στοι

138 3467 195 3522 ἐστι
213 3486 343 3538 eomp.p.
408 3476 448 3524 17.
472 3472 526 3530 ΖΞ
558 3488 633 3539 vop,
653 3487 720 3524 corr.
737 3473 836 3523 exZZ
854 3469 968 3523 m.1V.
1025 3465 1138 3532 19.έξει

137 3537 181 3601 -ξ-
200 3555 215 3590 e
235 3556 303 3594 corr.
324 3558 346 3594 ο.
419 3546 462 3593 21.
481 3538 498 3610 ἡ
519 3471 575 3609 ἄρα
594 3573 627 3580 -
646 3546 688 3594 22.
708 3540 778 3607 πρὸς
796 3540 864 3612 ΞΟ]
884 3556 937 3594 om.
955 3557 982 3606 p.
