2594 3878
448 211 499 261 on
518 210 694 263 suenone
712 211 807 262 cour.
1069 209 1133 273 153

121 353 247 418 uertice
271 354 311 417 ad
334 354 467 437 planum
489 353 577 418 basis
600 354 635 417 in
658 359 689 418 E
711 355 818 438 cadat,
841 355 1039 440 duceturque
1062 358 1136 440 BE,

124 465 159 524 ct
176 461 373 544 producatur
391 459 525 542 planum
542 459 699 546 trianguli
713 465 816 524 ABE
836 460 872 524 in
888 482 972 525 cono
991 460 1134 526 efficiens

123 566 325 652 triangulum
348 570 380 629 A
387 569 454 630 ΓΔ.
491 567 573 651 dieo,
596 569 691 630 ΑΓΔ
715 567 755 631 ad
778 567 883 631 basim
907 567 979 632 coni
1001 589 1135 651 perpen-

125 673 302 737 dicularem
325 693 403 736 esse.

193 780 347 864 quoniam
374 778 461 842 enim
487 783 556 843 ΑΕ
587 779 626 842 ad
653 778 786 863 planum
813 779 901 844 basis
928 781 1136 863 perpendicu-

4 877 6 936 ἑ
124 885 203 950 laris
227 890 286 970 est,
309 885 407 949 etiam
427 885 536 949 omnia
552 885 651 968 plana
670 906 726 968 per
740 890 808 949 ΑΕ
829 886 926 950 ducta
944 885 984 949 ad
1002 886 1135 970 planum

4 1073 5 1078 η
126 992 216 1056 basis
239 991 516 1076 perpendicularia
538 995 615 1055 sunt
638 990 744 1074 [Eucl.
762 990 820 1076 XI,
839 990 910 1076 18]3
937 1013 1014 1078 ergo
1038 993 1139 1076 etiarn

126 1098 311 1184 triangulus
330 1103 362 1161 A
369 1101 429 1162 ΓΔ
452 1097 648 1180 adplenum
671 1097 759 1162 basis
782 1097 1054 1182 perpendicularis
1074 1104 1137 1184 est3

128 1204 217 1288 quod
241 1204 413 1289 oportebat
435 1203 515 1267 fieri,

594 1307 679 1374 XVI.

199 1416 233 1482 Si
257 1439 357 1482 conus
382 1416 529 1481 scalenus
556 1439 614 1501 per
636 1439 729 1481 axem
751 1419 849 1502 plano
873 1423 1000 1483 secatur
1023 1419 1063 1484 ad
1085 1420 1139 1484 ba-

129 1524 192 1588 sim
219 1523 490 1608 perpendiculari,
522 1523 703 1609 triangulus
732 1525 863 1589 effectus
892 1525 1039 1590 scalenus
1067 1526 1138 1610 erit,

1 1717 2 1722 ἵ
129 1630 220 1696 cuius
238 1630 325 1695 latus
345 1629 449 1694 maius
468 1630 609 1694 maxima
628 1630 690 1694 erit
709 1631 852 1696 omnium
866 1637 1037 1716 rectarum,
1056 1655 1137 1716 quae

740 1759 759 1801 a
772 1737 893 1802 uertice
909 1739 982 1804 coni
997 1740 1037 1803 ad
1051 1740 1139 1804 amb-

737 1845 821 1909 itum
853 1844 941 1910 basis
969 1845 1138 1928 ducuntur,

738 1952 846 2016 minus
860 1957 969 2016 autem
985 1952 1071 2016 latus
1081 1952 1139 2016 mi-

738 2059 827 2124 nima
864 2059 1008 2123 omnium
1040 2063 1139 2124 recta·

738 2189 811 2230 rum
870 2166 983 2231 eodem
1041 2166 1137 2231 modo

738 2274 923 2358 ductarum,
960 2257 1138 2338 ceterarum

739 2384 848 2443 autem
881 2384 1042 2444 rectarum
1072 2400 1140 2442 ma-

737 2485 800 2548 iori
818 2485 952 2569 propior
965 2484 1138 2548 remotiore

628 2674 631 2675 ⁷
739 2590 843 2654 maior
866 2594 923 2654 est.

802 2696 845 2761 sit
865 2718 964 2761 conus
984 2697 1138 2780 scalenus,

739 2804 830 2868 cuius
867 2807 979 2867 uertex
1018 2803 1062 2868 sit
1098 2810 1138 2888 A,

739 2911 826 2974 basis
860 2913 968 2974 autem
1000 2909 1138 2974 circulus

740 3021 847 3102 ΓΕΔ,
862 3017 931 3081 axis
946 3022 1054 3082 autem
1064 3021 1138 3100 AB,

739 3129 772 3188 et
818 3146 899 3189 cono
944 3147 1002 3208 per
1047 3146 1139 3188 axem

131 3237 220 3297 secto
249 3232 289 3296 ad
317 3230 473 3296 circulum
497 3233 596 3294 ΓΕΔ
621 3231 930 3315 perpendiculariter
956 3229 1138 3314 triangulus

1 3373 2 3378 ¹
131 3341 264 3404 effectus
288 3337 331 3402 sit
354 3342 386 3400 A
392 3339 466 3421 ΓΛ,
490 3341 523 3401 et
546 3337 614 3401 axis
639 3337 679 3401 ad
698 3343 731 3401 Δ
754 3359 867 3402 uersus
889 3336 1063 3401 inclinatus
1088 3334 1139 3398 sit.

134 3445 287 3530 quoniam
305 3443 407 3529 igitur
423 3443 459 3507 in
478 3465 559 3508 cono
579 3443 705 3508 scaleno
725 3448 790 3508 AB
815 3444 855 3507 ad
874 3442 1028 3507 circulum
1048 3444 1144 3506 ΓΑΕ

69 3619 76 3646 ¹
131 3549 405 3637 perpendicularis
419 3571 485 3615 non
499 3555 558 3635 cst,
576 3550 619 3614 sit
633 3550 673 3614 ad
687 3572 761 3615 eum
774 3548 1046 3634 perpendicularis
1061 3553 1093 3611 A
1100 3551 1141 3633 Θ;
