2574 3882
163 209 205 272 γρ
433 210 521 260 ΠΕΡΙ
538 209 754 262 mmor
772 210 907 262 τοΜΗΣ.

161 365 229 418 τῶν
253 357 336 437 ΕΗ,
359 357 428 417 ΗΖ
455 351 537 438 μέση
564 353 730 436 άνάλογον
755 353 775 437 ἡ
801 357 880 437 ΘΗ,
902 350 958 417 καὶ
979 351 1105 440 κέντρῳ
1130 362 1176 440 τῷ

162 465 211 543 Η,
239 462 434 545 διαστήματι
467 457 504 525 δέ
535 461 607 543 ἢτοι
638 463 762 544 μείζονι
789 459 810 543 ἢ
838 459 987 524 ἐλάττονι
1014 467 1073 523 τοῦ
1104 463 1177 523 ΗΘ

162 566 344 654 γεγράφθω
377 566 414 632 ἐν
444 576 489 655 τῷ
518 570 586 631 ΒΓ
614 565 756 654 ἐπιπέδῳ
784 564 976 653 περιφέρεια
1002 567 1128 630 κύκλου
1156 564 1177 649 ἡ

163 677 246 758 ΚΛ,
269 672 324 738 καλ
343 674 399 738 διά
417 683 477 738 τοῦ
498 677 527 738 Θ
544 685 616 749 ταῖς
632 678 790 759 πλευραῖς
808 682 868 737 τοῦ
887 675 955 737 ΒΓ
967 672 1179 758 παράλληλος

128 781 257 864 ὄῆχθω
285 781 305 864 ἡ
336 785 421 864 ΘΜ,
448 777 504 844 καὶ
532 779 781 864 ἐπεζεύχθωσαν
808 781 845 844 αλ
865 783 953 863 ΜΕ,
975 783 1063 862 ΜΖ,
1087 782 1178 862 ΜΗ,

162 885 219 951 καὶ
246 895 285 972 τῇ
309 891 393 951 ΜΗ
410 886 620 972 παράλληλος
646 888 740 970 ἤχθω
766 883 930 970 τέμνουσα
952 887 990 950 τὸ
1013 889 1180 972 τρίγωνον

162 992 217 1058 καὶ
240 995 277 1059 τὸ
301 995 644 1079 παραλληλόγραμμον
665 991 686 1075 ἡ
705 997 743 1057 Ν
745 992 780 1066 Ξ.
818 991 875 1057 ἐάν
899 993 940 1076 δὴ
960 993 1017 1056 διδι
1034 1001 1093 1076 τῆς
1111 998 1149 1058 Ν
1152 993 1182 1067 Ξ

164 1100 374 1184 διαγάγωμεν
401 1099 557 1164 ἐπίπεδον
584 1101 666 1164 κατὰ
693 1100 752 1164 τὸν
778 1098 1020 1183 ὑποδειχθέντα
1043 1103 1180 1185 τρόπον,

163 1210 254 1272 ἔσται
282 1207 302 1290 ἡ
330 1208 412 1290 τομὴ
436 1206 533 1291 ὁμοία
557 1205 593 1271 ἐν
616 1203 771 1293 ἑκατέρῳ,
800 1203 900 1283 δεῖξις
922 1201 959 1270 δὲ
982 1205 1002 1288 ἡ
1026 1205 1110 1290 αὐτη
1133 1215 1180 1294 τςό

112 1327 146 1375 10
163 1316 228 1400 πρὸ
257 1315 387 1378 τούτου.
438 1313 488 1377 ὅτι
516 1309 553 1378 δέ
580 1311 635 1378 καὶ
662 1312 822 1390 ἐλλείψεις
849 1313 886 1376 αλ
905 1296 1002 1396 τομαὶ
1025 1310 1080 1376 καὶ
1103 1310 1181 1396 οὐχὶ

164 1423 291 1503 κύκλοι,
305 1421 430 1504 δῆλον·
454 1420 491 1483 τὸ
515 1420 578 1505 γὰρ
603 1419 666 1484 άπὸ
689 1427 747 1502 τῆς
765 1423 846 1484 ΜΗ
862 1419 936 1501 ἤτοι
959 1422 1068 1503 μεῖζον
1086 1443 1180 1484 κατε-

165 1525 334 1608 σκευάσθη
362 1524 382 1608 ἢ
410 1528 546 1590 ἔλαττον
574 1534 633 1589 τοῦ
662 1524 725 1589 άπὸ
753 1534 811 1608 τῆς
833 1529 918 1610 ΗΘ,
946 1525 1095 1590 τουτέστι
1119 1535 1180 1590 τοῦ

164 1632 230 1696 ὑπὸ
253 1642 321 1696 τῶν
344 1635 427 1715 ΕΗ,
451 1635 528 1695 ΗΖ.
611 1661 616 1672 ·

643 1790 701 1856 κε’.

112 1930 145 1978 15
220 1914 328 1981 Ἔστω
356 1915 472 1980 εὐθεῖα
499 1916 520 2000 ἡ
547 1920 613 1980 ΑΒ
637 1913 816 2001 τετμημένη
839 1916 921 1980 κατά
944 1917 981 1980 τὸ
1006 1919 1038 1980 Γ
1056 1914 1112 1980 καὶ
1135 1923 1180 2000 Δ,

163 2023 184 2107 ἡ
209 2019 245 2087 δέ
264 2029 296 2086 Α
303 2025 335 2087 Γ
348 2031 405 2106 τῆς
423 2026 489 2086 ΔΒ
508 2024 552 2106 μὴ
576 2025 658 2088 ἐστω
681 2026 808 2106 μείζων.
850 2020 934 2104 λέγω
958 2023 1010 2106 δή,
1033 2023 1095 2106 ὅτι,
1119 2022 1179 2087 ἐάν

164 2138 209 2216 τῳ
233 2127 297 2193 άπὸ
320 2138 378 2212 τῆς
397 2131 458 2192 ΓΒ
477 2130 671 2216 τετραγώνῳ
692 2134 767 2193 ἴσον
784 2132 908 2213 χωρίον
926 2129 1015 2214 παρά
1033 2130 1094 2213 τὴν
1113 2136 1146 2193 Α
1152 2133 1186 2193 Γ

163 2235 343 2321 παραβάλω
366 2235 576 2321 ὑπερβάλλον
598 2236 679 2300 εἴδει
702 2237 907 2323 τετραγώνῳ,
929 2234 950 2318 ἡ
973 2235 1101 2319 πλευρά
1118 2243 1179 2299 τοῦ

163 2341 413 2428 ὑπερβληματος
439 2344 557 2426 μείζων
584 2338 645 2426 μὲν
672 2344 762 2407 ἐσται
784 2351 842 2426 τῆς
866 2345 945 2426 ΓΔ,
974 2340 1119 2406 ἐλάττων
1142 2338 1178 2405 δέ

111 2462 146 2510 ιο
164 2458 222 2533 τῆς
246 2451 315 2513 ΓΒ.

231 2558 262 2620 εἰ
283 2556 346 2642 γάρ
370 2557 530 2638 δυνατόν,
552 2554 743 2621 ὑποκείσθω
766 2566 899 2642 πρῶτον
922 2554 943 2638 ἡ
963 2557 1028 2619 ΓΛ
1050 2555 1177 2640 πλευρά

164 2658 250 2728 εἶναι
277 2672 336 2728 τοῦ
363 2661 622 2748 ὑπερβλήματος.
668 2660 737 2727 ἐπεὶ
765 2658 827 2728 οὖν
854 2663 891 2726 τὸ
917 2661 1005 2746 παρά
1028 2661 1089 2745 την
1113 2667 1145 2726 Α
1151 2664 1185 2726 Γ

165 2771 460 2856 παραβαλλόμενον
474 2768 683 2852 ὑπερβάλλον
696 2778 742 2857 τῳ
756 2768 820 2834 ἀπὸ
835 2777 893 2852 τῆς
903 2771 969 2833 ΓΔ
983 2769 1178 2854 τετραγώνῳ

164 2877 286 2940 ταύτόν
310 2873 378 2938 ἐστι
401 2884 446 2963 τςό
470 2873 535 2939 ὑπὸ
559 2886 626 2939 τῶν
649 2878 767 2958 ΑΔΓ,
795 2878 863 2963 ἐστι
886 2871 923 2938 δὲ
945 2874 982 2938 τὸ
1004 2875 1095 2960 παρά
1117 2875 1180 2957 τὴν

237 3073 262 3120 1
277 3063 430 3155 ἀνάλογον]
445 3081 520 3134 vcp,
538 3064 601 3120 -νά-
616 3065 807 3136 suppleuitm.
818 3083 871 3121 rec.
882 3067 915 3120 V.
971 3071 995 3120 3.
1010 3065 1179 3154 γεγράφθω]

163 3139 265 3200 κάκλος
283 3135 437 3207 γεγράφθω
460 3154 486 3205 p.
574 3139 644 3208 ΒΓ]
669 3155 719 3207 το,
744 3143 765 3191 Β
790 3155 857 3192 corr.
878 3155 911 3192 ex
930 3142 960 3190 H
979 3137 1105 3206 m.1V‚
1129 3139 1179 3192 δια

164 3212 325 3277 τοῦΒΓΡ
381 3213 405 3262 ὁ
425 3209 504 3278 ΜΕ]
525 3211 595 3276 ΜΕ,
610 3212 673 3264 ΜΘ
691 3210 774 3280 ch3
767 3226 861 3263 com
878 3209 981 3263 Comm.
1038 3214 1062 3262 8.
1078 3207 1179 3277 διαγά-

164 3281 267 3352 γωμεν]
286 3276 427 3349 διάγωμεν
446 3286 479 3333 c?
561 3285 602 3334 10.
621 3281 733 3372 τοάτρυ]
742 3228 972 3352 τοάΙτοότουΕ,
1055 3286 1095 3334 14.
1120 3280 1164 3334 κε’

165 3371 218 3407 om
238 3353 270 3406 V.
350 3355 391 3404 15
410 3351 484 3404 Ante
456 3349 570 3405 δέστω
590 3351 653 3405 add.
674 3351 725 3407 έδιν
743 3354 843 3407 εόθεῖα
861 3371 955 3422 γραμμ
991 3354 1086 3423 τμηθῇ
1105 3370 1179 3406 κατα

164 3425 216 3478 δάο
240 3431 354 3512 σημεῖα,
377 3422 408 3476 τὸ
431 3418 463 3476 δέ
486 3422 556 3490 πρὸς
578 3427 615 3495 τῷ
640 3422 682 3511 ἑηλ
705 3421 804 3492 πέρατι
826 3431 875 3492 τῆς
894 3424 962 3477 εόθε
995 3430 1121 3492 ςτμημοι
1139 3422 1178 3492 μὴ

164 3488 293 3564 μεῖζον
268 3517 294 3581 η
312 3501 362 3548 τοῦ
381 3493 451 3562 πρὸς
468 3512 508 3582 τῳ
524 3477 611 3548 λοιπώ
628 3492 729 3586 μέρατι
746 3494 898 3564 τμηματος,
921 3499 958 3566 τῷ
981 3491 1013 3547 δδ
1036 3494 1093 3547 ἀπὸ
1113 3512 1179 3548 ουν-

164 3563 325 3636 αμφοτέρου
349 3573 398 3618 τοῦ
421 3583 451 3618 τε
475 3548 559 3633 μέσου
581 3565 723 3634 τμήματος
749 3566 798 3620 καὶ
820 3574 870 3620 τοῦ
893 3569 991 3620 λοιποῦ
1015 3566 1179 3638 τετραγώνῳ
