2574 3882
395 251 444 300 Da
463 249 639 301 ascalona
659 250 836 304 GYLINDRI.
1078 250 1120 313 21

110 392 198 475 quod
235 397 267 456 et
304 393 344 456 ad
380 393 720 478 parallelogrammum
755 416 813 478 per
849 417 942 458 axem
978 395 1122 478 positum

111 497 374 582 perpendiculare
389 503 439 563 est
453 503 486 563 et
500 521 703 563 communem
718 500 894 564 sectionem
908 498 942 564 iri
954 501 1123 584 parallelo-

112 626 258 691 grammo
295 604 396 670 efficit
431 610 554 670 rectam
591 606 728 691 angulos
765 605 960 671 efficientem
993 609 1121 694 angulis

110 711 406 797 parallelogrammi
442 713 606 797 aequales,
642 713 776 777 basibus
814 717 923 778 autem
955 715 1123 797 parallelo·

113 818 251 904 grammi
269 839 336 882 non
353 819 551 905 parallelum,
570 818 670 884 sectio
690 819 829 884 circulus
849 820 924 905 erit3
943 819 1123 904 adpelletur

112 930 221 990 autem
245 925 320 990 talis
343 926 464 1010 positio
488 926 577 1010 plani
601 926 806 991 contraria.

761 1032 805 1097 sit
842 1031 1006 1116 cylindrus
1041 1033 1121 1096 obli-

602 1177 628 1226 Λ
694 1159 792 1222 quus,
829 1137 919 1202 cuius
954 1139 1123 1222 parallelo-

694 1265 876 1330 grammum
889 1267 947 1329 per
961 1267 1054 1309 axem
1066 1267 1122 1329 po·

692 1350 793 1414 situm
810 1351 854 1415 sit
873 1357 938 1415 ΑΛ
957 1352 998 1415 ad
1015 1351 1122 1415 basim
1205 1373 1207 1378 ·

690 1457 970 1542 perpendiculare,
996 1460 1123 1522 secetur

691 1566 800 1627 autem
828 1563 991 1648 cylindrus
1020 1563 1119 1628 etiam

691 1669 755 1732 alio
774 1669 872 1752 plano
892 1674 1010 1753 ΕΖΗ,
1034 1670 1121 1754 quod

691 1781 723 1840 et
750 1775 858 1859 ipsum
888 1777 928 1840 ad
951 1776 1120 1860 parallelo-

691 1905 875 1968 grammum
895 1888 965 1947 ΑΛ
985 1904 1119 1967 perpen-

690 1989 831 2053 diculare
870 1989 913 2053 sit
950 1987 986 2054 in
1018 2009 1119 2072 eoque

692 2117 895 2160 communem
942 2096 1119 2160 sectionem

692 2202 813 2267 efficiat
867 2206 991 2267 rectam
1045 2204 1124 2265 ΕΗ

691 2309 789 2374 rectis
831 2313 914 2392 AB,
943 2311 1009 2372 ΓΔ
1053 2329 1119 2370 non

111 2401 314 2499 parallelum,
337 2415 473 2500 angulos
497 2420 605 2479 autem
629 2415 823 2480 efficientem
846 2415 1010 2498 aequales,

295 2525 437 2596 LHEA
452 2551 492 2582 -.-=
509 2526 623 2604 ΕΑΒ,
650 2525 753 2586 ΕΗΒ
769 2551 810 2574 ==
826 2524 940 2584 ABH.

113 2627 200 2711 dico,
223 2627 398 2691 sectionem
421 2631 529 2691 ΕΖΗ
547 2650 617 2692 esse
642 2628 806 2692 circulum.

181 2737 328 2796 sumatur
354 2732 390 2796 in
416 2738 505 2798 recta
527 2737 601 2797 ΕΗ
619 2738 777 2817 punctum
800 2731 932 2815 aliquod
957 2735 999 2815 Θ,
1027 2735 1060 2795 et
1083 2731 1123 2795 ad

113 2841 186 2904 ΕΗ
223 2837 498 2924 perpendicularis
539 2840 675 2904 ducatur
714 2843 775 2904 ΘΖ
815 2838 851 2902 in
886 2839 983 2922 plano
1020 2841 1127 2904 ΕΖΗ

112 2945 234 3031 posita,
259 2946 323 3009 ΖΘ
344 2945 446 3031 igitur
469 2947 508 3010 ad
530 2947 663 3030 planum
682 2953 753 3011 ΑΔ
776 2946 1048 3031 perpendicularis
1073 2952 1122 3012 est

182 3174 216 3227 ln
233 3173 282 3228 Vv
302 3175 448 3242 praeterea
470 3174 540 3229 haec
563 3175 653 3244 figura
677 3177 731 3244 est,
756 3174 805 3227 sed
893 3103 1115 3606 ΞΔ

111 3244 142 3302 in
165 3245 191 3298 V
214 3244 322 3313 deleta3
352 3243 382 3298 in
405 3263 423 3299 v
447 3245 598 3315 adscripsit
618 3265 655 3300 m.
678 3261 732 3300 rec.
756 3263 804 3299 πε-

110 3325 201 3404 ριττεῖ.
676 3325 678 3330 ·
891 3318 920 3366 Κ

126 3554 129 3562 ’
175 3555 177 3560 ·
856 3531 891 3583 Α.

929 3616 966 3664 N
