2574 3882
169 207 211 270 68
438 209 526 259 ΠΕΡΙ
544 208 758 259 ΚνΑιυΔΡον
777 208 912 261 ΤοιιΗΣ.

236 351 395 415 ἐκκείσθω
433 349 557 428 ἐξωθεν
598 351 724 415 εὐθεῖά
754 374 804 428 τις
839 351 859 434 η
893 356 959 416 ΑΒ
991 349 1046 416 καὶ
1078 353 1180 436 τυχὸν

169 468 304 542 σημεῖον
328 454 378 521 ἐπ’
404 457 505 540 αὐτῆς
527 459 564 522 τὸ
588 463 635 540 Δ,
658 455 713 522 καὶ
736 457 899 541 γενέσθω,
921 459 966 534 ὡς
988 454 1048 542 μὲν
1072 458 1091 542 ἡ
1116 462 1180 522 ΑΒ

169 565 252 649 πρὸς
269 565 330 647 τὴν
346 567 423 646 ΒΛ,
441 564 547 640 οὕτως
564 563 584 646 ἡ
604 568 669 628 ΛΒ
688 565 771 650 πρὸς
789 566 850 648 την
868 568 939 648 ΒΓ,
959 565 1003 640 ὡς
1021 561 1058 628 δὲ
1076 564 1097 648 η
1116 569 1181 630 ΑΒ

169 671 252 756 πρὸς
278 672 339 753 τὴν
365 672 442 754 ΒΓ,
470 671 575 745 οὕτως
602 670 622 752 ἡ
646 677 716 735 ΑΔ
737 673 820 756 πρὸς
842 673 903 755 τὴν
926 676 1009 755 ΕΛ,
1035 669 1091 735 καὶ
1119 671 1182 736 ἀπὸ

135 788 151 836 5
170 772 231 860 μὲν
258 787 325 841 τῶν
348 781 392 861 Ε,
410 782 458 860 Δ,
478 780 510 841 Γ
528 781 673 860 σημείων
695 789 734 863 τῇ
758 782 823 842 ΑΒ
848 778 964 864 εὐθείᾳ
985 779 1069 863 πρὸς
1092 779 1183 842 οἷαν-

170 884 291 967 ὃηποτε
314 887 439 966 γωνίαν
462 881 693 968 ἐφεστάτωσαν
714 884 843 949 εὐθεῖαι
861 884 1065 970 παράλληλοι
1085 884 1182 968 ἀλλη-

170 995 242 1066 λαις
265 992 302 1055 αί
317 995 394 1073 ΕΖ,
414 994 500 1073 ΔΗ,
521 993 597 1074 ΓΘ,
621 992 676 1054 διὰ
700 989 736 1055 δὲ
759 1001 818 1056 τοῦ
839 994 871 1056 Γ
884 993 979 1074 ἤχθω
998 1014 1049 1067 τις
1067 991 1182 1056 εὐθεῖα

169 1095 332 1181 τέμνουσα
355 1097 413 1173 τὰς
431 1101 508 1180 ΕΖ,
527 1101 604 1162 ΔΗ
618 1097 638 1180 η
658 1101 736 1181 ΓΚ,
754 1096 809 1162 καὶ
828 1097 1056 1182 ἐπιζευχθεῖσα
1074 1097 1094 1180 ἡ
1114 1101 1185 1162 ΑΚ

170 1202 377 1288 συμπιπτέτω
401 1214 440 1288 τῇ
459 1208 537 1268 ΔΗ
550 1205 632 1268 κατὰ
654 1205 691 1269 τὸ
710 1209 755 1287 Η,
778 1203 833 1268 καὶ
857 1203 1040 1288 ἐπεζεύχθω
1064 1205 1084 1288 η
1103 1209 1139 1270 H
1145 1210 1180 1269 B.

118 1321 151 1368 10
236 1312 364 1374 τούτων
391 1309 497 1386 οὕτως
527 1311 596 1396 ἰδίᾳ
618 1309 956 1396 κατασκευασθέντων
979 1314 1060 1376 ἔστω
1085 1311 1102 1377 ὁ
1127 1313 1182 1376 θο-

169 1414 243 1491 θεὶς
265 1416 453 1500 κύλινδρος,
477 1411 517 1481 οὗ
541 1417 577 1481 τὸ
602 1418 657 1480 διὰ
675 1426 734 1481 τοῦ
753 1415 870 1495 ἄξονος
888 1421 1182 1504 παραλληλόγραμ-

170 1525 234 1606 μόν
257 1521 326 1586 ἐστι
350 1522 386 1586 τὸ
411 1525 496 1605 ΛΜ,
519 1532 577 1605 τῆς
600 1519 636 1586 δὲ
659 1524 815 1607 δοθείσης
838 1523 874 1588 ἐν
897 1525 986 1608 αὐτῷ
1010 1523 1184 1602 ἐλλείψεως

171 1628 344 1713 διάμετρος
368 1630 450 1692 ἔστω
473 1627 493 1710 ἡ
512 1633 551 1693 Ν
553 1628 589 1712 E,
613 1627 667 1693 καὶ
690 1633 862 1714 τετμήσθω
882 1631 902 1714 ἡ
922 1631 989 1705 AE
1003 1631 1100 1714 βάσις
1123 1640 1183 1696 τοῦ

169 1734 512 1820 παραλληλογράμμου
543 1735 664 1819 ὁμοίως
691 1745 729 1820 τῇ
757 1740 834 1820 ΕΓ,
862 1735 907 1801 ἵν’
936 1732 972 1823 ᾗ,
1000 1737 1045 1814 ὡς
1073 1736 1183 1820 ἡΕΔ

118 1852 150 1900 15
169 1843 251 1927 πρὸς
278 1843 339 1924 τὴν
365 1844 445 1924 ΛΓ,
473 1842 579 1918 οὕτως
605 1841 625 1925 ἡ
654 1847 720 1907 ΛΟ
747 1845 830 1929 πρὸς
852 1845 913 1926 την
938 1843 1007 1917 OE.
1059 1847 1105 1909 ἔτι
1130 1868 1182 1926 γε-

169 1946 295 2030 νέσθω,
327 1947 372 2024 ὡς
402 1945 462 2032 μέν
494 1948 514 2030 η
542 1952 610 2013 ΕΓ
632 1950 714 2033 πρὸς
743 1951 804 2033 τὴν
833 1953 909 2032 ΓΒ,
936 1950 1041 2026 οὕτως
1068 1950 1088 2034 ἡ
1118 1950 1185 2024 AE

169 2057 251 2140 πρὸς
278 2057 339 2138 τὴν
366 2054 446 2138 ΞΠ,
475 2055 519 2130 ὡς
547 2052 583 2119 δὲ
610 2054 630 2138 ἡ
660 2057 723 2120 ΓΕ
743 2057 826 2142 πρὸς
848 2058 909 2140 τὴν
931 2061 1008 2140 ΕΑ,
1032 2056 1139 2134 οὕτως
1161 2056 1181 2138 η

171 2161 234 2235 EA
260 2162 342 2246 πρὸς
368 2162 429 2244 τὴν
453 2165 528 2244 ΛΡ,
557 2159 611 2226 καὶ
639 2163 694 2226 διὰ
719 2171 778 2226 τοῦ
804 2167 832 2226 O
854 2163 949 2246 ἤχθω
972 2163 1182 2247 παράλληλος

1 2353 2 2356 ¹
169 2280 241 2344 ταῖς
262 2277 321 2332 τοῦ
344 2268 686 2354 παραλληλογράμμου
709 2275 867 2353 πλευραῖς
889 2269 909 2352 η
935 2274 1010 2352 ΟΣ,
1033 2269 1089 2334 καὶ
1113 2270 1180 2334 ἐπι-

116 2386 150 2434 20
171 2379 342 2460 ζευχθεῖσα
363 2374 383 2457 ἡ
407 2378 476 2440 ΡΝ
496 2374 704 2458 συμπιπτέτω
728 2387 767 2461 τῇ
792 2381 861 2440 ΟΣ
885 2377 967 2440 κατὰ
995 2377 1031 2440 τὸ
1056 2381 1102 2459 Σ,
1126 2375 1181 2442 καὶ

1 2467 2 2504 ᾗ
171 2482 419 2565 ἐπεζεύχθωσαν
442 2481 479 2546 αλ
500 2486 584 2566 ΣΠ,
608 2482 681 2556 ΣΞ.

237 2587 306 2654 ἐπεὶ
338 2584 400 2654 οὖν
426 2587 446 2670 ἡ
475 2593 544 2653 ΡΠ
568 2589 683 2654 εὐθεῖα
710 2589 832 2673 ὁμοίως
858 2598 897 2673 τη
925 2593 990 2654 AB
1019 2589 1182 2674 τέτμηται,

170 2699 260 2761 ἔστιν
282 2697 346 2781 ἄρα
368 2698 434 2778 καί,
457 2695 502 2771 ὡς
524 2691 584 2778 μέν
607 2695 627 2778 ἡ
651 2700 720 2760 ΡΠ
739 2697 822 2782 πρὸς
844 2697 905 2779 την
924 2701 1006 2779 ΠΟ,
1033 2695 1140 2774 οὕτως
1162 2696 1181 2779 ἡ

171 2807 243 2866 ΟΠ
261 2802 344 2886 πρὸς
366 2803 427 2884 την
446 2801 523 2884 HE,
547 2801 591 2877 ὡς
614 2799 651 2866 δὲ
673 2802 693 2885 η
713 2807 782 2866 ΡΠ
795 2802 878 2886 πρὸς
896 2804 957 2886 τὴν
976 2801 1052 2886 HE,
1076 2803 1183 2879 οὕτως

117 2918 150 2966 25
170 2908 190 2990 ἡ
214 2911 274 2971 PO
296 2908 378 2991 πρὸς
401 2908 462 2990 τὴν
482 2911 562 2990 ΟΛ,
585 2906 755 2973 τουτέστιν
777 2908 797 2991 ἡ
817 2913 883 2972 ΡΣ
898 2909 1003 2985 οὕτως
1020 2911 1104 2994 πρὸς
1122 2913 1183 2994 τὴν

169 3017 256 3078 ΣΝ·
279 3011 488 3098 παράλληλος
511 3014 575 3099 ἄρα
598 3025 637 3100 τῇ
656 3014 726 3088 NE
745 3013 765 3098 ἡ
790 3020 868 3080 ΣΠ.
911 3015 969 3080 ε’ὂιν
992 3017 1033 3100 δὴ
1055 3019 1182 3100 νοήσω·
1284 3067 1286 3098 ,

201 3178 227 3182 -..
232 3175 382 3182 -—--.--.-—

240 3283 264 3330 2.
284 3274 347 3348 μέν]
367 3293 420 3330 0111.
439 3294 465 3346 p,
539 3283 563 3331 3.
582 3277 599 3347 ἡ
620 3283 672 3332 ΔΒ
688 3311 721 3318 -
736 3285 760 3333 4.
781 3277 878 3350 οὕτως]
899 3295 952 3332 om.
968 3279 1020 3349 Vc,
1044 3279 1110 3350 ἣτε
1129 3285 1181 3335 ΔΒ

170 3349 238 3417 πρὸς
254 3353 308 3402 ΒΓ
318 3345 367 3403 καί
384 3366 416 3417 p3
436 3365 504 3402 corr.
520 3347 623 3404 Comm.
678 3357 703 3405 4.
723 3350 774 3418 τήν
784 3349 866 3420 (alb.)]
882 3365 934 3403 om.
944 3368 971 3418 p.
1028 3356 1051 3406 7.
1073 3352 1139 3422 ΓΘ]
1153 3370 1181 3420 p,

171 3425 220 3474 ΓΔ
239 3420 302 3474 λλο-
382 3425 423 3473 14.
447 3419 482 3490 η]
502 3437 586 3489 supra
605 3437 655 3476 scr.
674 3439 701 3490 p.
793 3425 834 3475 15.
854 3418 992 3492 γενέσθω]
1011 3420 1135 3491 γινέσθω
1153 3441 1180 3492 p.

206 3496 247 3544 16.
269 3491 329 3561 ΓΒ]
348 3509 379 3559 p,
401 3494 451 3544 ΓΒ
469 3490 516 3543 uel
537 3496 600 3560 ΓΖ,
622 3497 678 3546 Γο
697 3509 765 3546 corr.
784 3509 820 3545 m.
841 3497 864 3560 1,
884 3491 917 3560 V,
936 3523 972 3532 —
989 3510 1058 3562 mg.;
1085 3499 1136 3548 ΓΖ
1154 3512 1181 3560 v,

172 3563 242 3620 PE?
265 3578 287 3614 ο.
365 3567 407 3616 20.
428 3562 468 3632 Σ]
489 3577 503 3614 ε
522 3579 591 3618 corr,
610 3581 645 3618 m.
667 3569 681 3616 1
702 3580 724 3617 c.
796 3567 840 3643 23.
860 3559 924 3634 κατ’]
944 3581 997 3617 om.
1016 3581 1043 3632 p.
1118 3562 1181 3636 μέν]
