2574 3882
136 204 163 257 X
534 199 750 255 PRAEFATIO.

134 349 277 433 σερίνου
296 343 476 422 ἀντινσέοις
493 348 683 430 φιλοσόφου
701 343 777 432 περὶ
795 347 977 433 κυλίνδρου
994 345 1070 435 (del
1085 349 1150 412 alia

134 476 251 520 manus
270 458 304 518 et
321 454 432 518 κώνου
451 474 550 537 supra
568 453 701 538 scripsit
719 458 902 519 atramento
919 454 1030 542 nigro)
1048 464 1151 540 τομῆς

134 562 278 646 adparet,
300 582 375 624 eum
397 582 417 623 a
435 559 466 624 V
488 560 637 644 pendere,
659 559 752 624 cirins
771 561 968 645 subscriptio
987 561 1091 626 libelli
1110 563 1150 628 de
1281 629 1282 646 ρ

135 667 279 733 sectione
299 666 437 751 cylindri
455 663 500 752 (υ.
514 689 544 749 p.
563 663 640 752 166)
658 687 718 750 pro
737 666 835 732 titulo
853 666 931 732 libri
947 668 1148 752 insequentis

134 779 268 859 accepta
291 779 356 857 est,
386 773 472 837 sicut
494 772 594 837 etiam
616 773 652 836 in
673 796 704 837 w
726 773 850 838 factum
873 796 943 839 esse
961 774 1149 859 uidemus.¹)

133 904 209 946 oum
230 902 335 964 neque
358 902 376 945 e
398 903 419 944 v
444 901 549 963 neque
572 901 590 944 e
612 903 644 944 w
666 881 846 945 recentiore
874 882 1054 967 descriptus
1078 905 1148 948 esse

132 988 252 1072 possit,
285 987 354 1052 sine
382 986 481 1051 dubio
508 985 612 1070 ipsius
639 985 671 1050 V
698 987 923 1072 apographum
950 993 1009 1053 est.
1058 989 1148 1073 prior

132 1117 208 1180 pars
241 1094 361 1160 codicis
393 1115 411 1158 e
437 1092 587 1157 Parisino
615 1093 703 1158 2472
736 1098 869 1178 sumpta
899 1099 951 1159 est
982 1093 1146 1182 (lluclidis

133 1224 206 1286 opp.
221 1200 287 1266 VII
304 1223 334 1284 p.
349 1199 468 1286 XXII).
502 1198 659 1264 Serenum
677 1199 824 1283 sequitur
842 1205 919 1285 post
935 1201 1146 1266 interuallum

131 1330 272 1394 paruum
297 1305 378 1370 haec
405 1311 496 1371 nota:
533 1315 603 1382 πῶς
635 1308 765 1390 ἔχοντες
796 1305 978 1391 δεδομένην
1010 1309 1147 1374 εὐθεῖαν

132 1417 309 1498 ληψόμεθα
340 1413 402 1496 τὴν
433 1399 662 1497 περιφέρειαν,
693 1411 755 1496 ὑφ’
784 1412 828 1496 ἣν
854 1413 1034 1494 ὑποπίνεις
1066 1420 1146 1499 λαμ·

131 1521 279 1604 βείνομεν
296 1521 358 1602 τὴν
376 1520 510 1600 ἔγγιστα
528 1517 686 1584 ἐλάττονα
703 1527 763 1602 τῆς
774 1519 991 1604 ὑποκειμένης
1009 1521 1146 1586 εὐθεῖαν

131 1625 188 1692 καὶ
211 1627 272 1710 τὴν
295 1627 429 1708 ἔγγιστα
452 1627 585 1708 μείζονα
607 1622 664 1688 καὶ
686 1624 858 1710 ἐκτίθεμεν
879 1627 973 1703 ἰδίως
990 1629 1052 1712 τὴν
1070 1627 1145 1692 τού-

131 1757 199 1798 των
217 1732 397 1818 ὑπεροχήν
421 1726 490 1795 εἶτα
511 1730 683 1815 ἐκτίθεμεν
705 1733 767 1815 τὴν
786 1731 951 1818 ὑπεροχὴν
969 1745 1036 1799 τῶν
1054 1755 1145 1819 περι-

131 1851 276 1926 φερειῶν
299 1836 469 1925 (περιφερ-
493 1859 510 1902 e
532 1835 643 1924 corr),
666 1836 723 1921 ὑφ’
747 1837 787 1914 ἃς
808 1838 1053 1924 ὑποτείνουσιν,
1075 1835 1145 1904 εἶτα

130 1947 192 2030 τὴν
205 1945 373 2031 ὑπεροχὴν
387 1953 444 2028 τῆς
457 1942 675 2028 ὑποκειμένης
688 1944 823 2022 εὐθείας
840 1946 923 2031 πρὸς
935 1948 997 2030 τὴν
1011 1948 1145 2028 ἔγγιστα

131 2052 290 2118 ἐλάττονα
313 2052 430 2135 αὐτῆς,
453 2048 509 2114 καὶ
531 2051 857 2136 πολλαπλασιόζομεν
880 2052 985 2136 αὐτὴν
1008 2049 1060 2116 ἐπὶ
1083 2053 1144 2134 τὴν

128 2158 297 2244 ὑπεροχὴν
323 2169 391 2222 τῶν
417 2168 638 2243 περιφερειῶν
666 2155 837 2244 (περιφερ-
865 2154 1061 2244 suprascr.)
1089 2155 1145 2222 καὶ

128 2266 188 2331 τὸν
211 2267 389 2348 γινόμενον
412 2263 560 2349 ἀριθμὸν
582 2267 754 2349 μερίζομεν
781 2264 872 2350 παρὰ
894 2265 956 2348 τὴν
978 2265 1145 2349 ὑπεροχὴν

129 2381 187 2455 τῆς
204 2374 354 2455 μείζονος
376 2369 432 2435 καὶ
451 2369 625 2446 ἐλάττονος
647 2381 715 2436 τῶν
733 2370 878 2436 εὐθειῶν
900 2368 1033 2435 καὶτὸν
1053 2372 1144 2451 γινό-

127 2501 230 2562 μενον
253 2477 400 2564 ἀριθμὸν
421 2480 645 2561 προστίθεμεν
667 2487 707 2562 τῇ
730 2476 880 2542 ἐλάττονι
903 2477 1103 2562 περιφερείᾳ.

195 2603 261 2668 cod.
281 2601 383 2668 Paris.
403 2624 448 2689 gr.
469 2602 565 2687 2367,
589 2601 728 2667 chartac.
748 2623 828 2666 saec.
848 2601 926 2666 XVI
951 2599 1086 2687 (Omont
1108 2597 1143 2662 Π

126 2733 157 2794 p.
191 2707 284 2797 248).
353 2709 500 2775 continet
543 2707 699 2774 Serenum
742 2707 781 2772 de
822 2708 965 2774 sectione
1006 2705 1144 2791 cylindri

126 2815 181 2880 fol.
204 2817 333 2900 1-292,
357 2816 395 2880 dc
419 2815 562 2880 sectione
586 2814 660 2880 coni
681 2814 737 2879 fol.
760 2815 912 2879 291-69.
958 2812 1051 2877 foll
1077 2833 1142 2898 mg.

127 2945 196 3006 sup.
219 2922 340 3007 legitur
367 2922 474 3007 „1510
497 2925 638 2986 mantuae
661 2921 791 3002 Andree
820 2917 969 3002 Ooneri“;
1001 2939 1065 3002 mg.
1085 2916 1142 2982 inf.

199 3115 225 3184 1)
246 3114 278 3168 In
296 3133 323 3168 w
340 3113 420 3170 tituli
438 3116 504 3168 sunt
527 3113 647 3182 σερήνου
666 3107 817 3172 ἀντινσέως
835 3107 992 3178 φιλοσόφον
1010 3109 1074 3176 περὶ
1093 3131 1143 3164 κυ-

126 3183 241 3255 λίνδρου
259 3195 345 3256 τομῆς
363 3185 393 3239 in
412 3188 532 3254 utroque
551 3183 660 3250 libello,
680 3185 709 3236 et
727 3199 782 3250 mg.
801 3198 861 3249 sup.
876 3178 982 3248 legitur
1000 3178 1030 3232 in
1047 3179 1142 3248 priore

126 3273 234 3346 βιβλίον
252 3282 280 3344 ἄ,
300 3274 331 3329 in
350 3275 439 3329 allero
458 3271 567 3346 βιβλίον
586 3261 612 3344 ᾗ,
640 3271 671 3324 in
684 3269 711 3324 V
728 3268 776 3322 fol.
793 3273 861 3321 193³
880 3265 985 3320 desinit
998 3265 1028 3320 in
1047 3267 1142 3338 ὁπερλ

78 3351 84 3362 ”
124 3347 189 3399 ‘cod-
206 3363 233 3415 p.
249 3352 309 3416 116,
324 3353 371 3415 12,
391 3345 493 3401 deinde
512 3343 641 3399 sol.194¹
659 3339 788 3408 sequitur
806 3357 875 3392 -τον
893 3336 975 3406 λόγος
993 3354 1056 3391 cum
1075 3340 1142 3393 sub-

125 3417 277 3487 scriptione
296 3420 325 3473 et
340 3420 505 3472 ornamento
519 3413 612 3481 finali;
630 3411 662 3466 in
675 3410 776 3465 ecdem
788 3407 896 3477 pagina
909 3407 1012 3478 incipit
1025 3408 1140 3464 libellus

126 3488 160 3542 de
171 3487 296 3543 sectione
306 3489 369 3544 coni
384 3489 444 3544 sine
454 3487 549 3556 titulo,
563 3483 639 3538 unde
649 3496 736 3538 causo
746 3477 846 3534 erroris
857 3479 983 3548 adparet.
1002 3479 1142 3534 Deuarius

125 3559 312 3616 correctiones
332 3577 397 3616 suos
416 3564 454 3630 (p,
471 3565 522 3614 116
537 3558 606 3626 not.)
625 3570 642 3609 e
660 3549 816 3621 oportuit,
836 3559 869 3603 ut
886 3548 966 3604 solet.
