2574 3882
142 199 185 263 38
413 201 501 252 ΠΕΡι
518 200 734 252 ΚυΛιΝΔΡου
751 199 889 251 ποιιΗΣ.

143 345 317 428 τετμήσθω
345 343 363 407 δ
391 344 583 430 κύλινδρος,
607 343 652 420 ὡς
674 349 815 429 εἴρηται,
839 340 980 430 ἐπιπέδῳ
1004 351 1160 408 ποιοῦντι

144 452 206 534 τὴν
233 453 374 514 ΕΖΗΘ
401 453 519 534 τομήν,
549 452 632 516 ὥστε
660 453 916 534 συμπιπτόντων
943 457 1003 514 τοῦ
1036 472 1070 514 τε
1101 459 1160 534 τῆς

144 560 284 621 ΕΖΗΘ
310 566 411 640 τομῆς
438 555 493 621 καὶ
516 566 576 622 τοῦ
599 567 657 640 τῆς
680 563 712 622 Α
719 560 751 621 Γ
768 557 894 640 βάσεως
917 554 1075 622 ἐπιπέδου
1098 558 1159 640 τὴν

144 665 262 747 κοινὴν
285 665 389 748 τομὴν
412 665 473 748 τὴν
496 667 565 728 ΚΛ
587 665 670 750 πρὸς
693 664 800 749 ὀρθάς
822 659 907 728 εἶναι
930 673 970 749 τῇ
994 666 1087 727 ΓΑΛ
1106 663 1159 727 εὐ,
1256 712 1257 715 ¹

110 773 233 857 σθείῳ,
255 768 311 834 καὶ
334 770 397 836 ἀπὸ
421 779 479 854 τῆς
502 775 609 834 ΕΖΗ
628 780 729 854 τομῆς
751 771 846 854 ἤχθω
869 793 919 845 τις
942 769 1058 834 εὐθεῖα
1075 791 1160 855 παρ-
1255 797 1256 804 ¹

145 876 286 960 άλληλος
304 886 343 961 τῇ
358 881 393 941 Κ
396 881 427 941 Λ
441 877 460 960 ἡ
477 881 553 941 ΖΜ
562 875 617 941 καὶ
635 880 921 962 προσεκβληθεῖσα
939 877 1158 961 περατούσθω

144 985 226 1048 κατδι
244 985 282 1049 τὸ
301 983 414 1070 ἕτερον
432 982 531 1070 μέρος
548 993 606 1068 τῆς
624 983 817 1068 ἐπιφανείας
835 984 917 1048 κατὰ
935 985 973 1049 τὸ
994 989 1030 1048 Θ.
1064 982 1160 1068 λέγω,

144 1091 195 1156 ὅτι
223 1090 243 1174 ἡ
274 1096 351 1156 ΖΜ
372 1095 482 1157 πίπτει
511 1089 564 1156 ἐπὶ
590 1093 652 1176 τὴν
679 1095 762 1175 ΕΗ,
789 1089 845 1155 καὶ
873 1091 923 1156 ὅτι
948 1097 1002 1174 ἴση
1026 1089 1116 1156 ἐστὶν
1139 1091 1160 1176 ἡ

146 1202 224 1279 τοι
241 1209 280 1283 τῇ
304 1203 388 1262 κιο.

93 1331 126 1380 10
212 1320 281 1386 ἐπεὶ
309 1323 372 1407 γάρ
401 1321 436 1386 ἐν
463 1334 502 1408 τῇ
525 1327 634 1388 ΕΖΗ
656 1331 738 1408 τομῇ
766 1321 975 1408 παράλληλος
1001 1317 1097 1406 ἦκται
1119 1332 1160 1407 τῇ

144 1431 213 1493 ΚΛ
242 1427 262 1510 ἡ
293 1431 378 1511 ΖΜ,
411 1427 503 1505 ἐντὸς
533 1431 597 1514 άρα
628 1433 744 1494 πίπτει
768 1438 829 1494 τοῦ
860 1433 925 1494 ΓΛ
953 1433 1161 1515 παραλληλο-

144 1534 307 1620 γράμμου.
363 1532 431 1599 ἐπεὶ
464 1533 504 1599 δέ
533 1535 623 1600 ἐστιν
652 1537 673 1620 ἡ
704 1533 765 1619 μὲν
798 1540 875 1600 ΖΜ
899 1536 1015 1601 εὐθεῖα
1048 1535 1083 1601 ἐν
1113 1545 1160 1623 τῳ

144 1643 284 1704 ΕΖΗΘ
311 1639 468 1728 ἐπιπέδῳ,
495 1641 516 1724 ἡ
545 1638 581 1706 δὲ
609 1646 681 1706 ΕΗ
706 1643 801 1726 κοινὴ
829 1643 912 1726 τομή
940 1641 1031 1707 ἐστιν
1054 1642 1163 1708 αὐτοῦ·

144 1745 199 1811 καὶ
226 1756 286 1812 τοῦ
311 1751 376 1813 ΓΛ
403 1748 762 1834 παραλληλογράμμου,
790 1749 810 1832 ἡ
841 1752 917 1813 ΖΜ
935 1750 999 1835 άρα
1023 1747 1075 1813 ἐπὶ
1098 1749 1160 1832 τὴν

93 1863 125 1912 15
145 1858 217 1918 ΕΗ
238 1858 358 1920 πίπτει.
474 1877 477 1884 ·

212 1979 262 2044 ὅτι
291 1975 328 2043 δὲ
355 1979 410 2045 καλ
438 1982 458 2066 ἡ
488 1986 565 2046 ΖΜ
587 1993 626 2068 τῇ
651 1985 724 2046 ΜΘ
748 1987 802 2064 ίση
826 1980 908 2065 ἐστί,
932 1982 1080 2068 φανερὸν
1103 1978 1160 2044 καὶ

145 2085 225 2150 αὐτὸ
250 2087 306 2149 διά
330 2087 367 2150 τὸ
390 2089 454 2173 πρὸ
478 2089 598 2152 τούτου
621 2089 789 2172 θεώρημα.

212 2212 330 2275 λοιπὸν
353 2212 407 2275 δεῖ
428 2210 540 2295 δεῖξαι,
565 2213 614 2276 ὅτι
638 2211 658 2294 ἡ
678 2216 747 2276 ΚΛ
765 2212 873 2298 ὀρθοῦ
896 2208 957 2296 μὲν
980 2213 1076 2288 ὄντος
1098 2219 1159 2275 τοῦ

144 2318 328 2403 uvadpov
352 2317 372 2401 ἢ
395 2328 455 2383 '⁰²³
480 2322 512 2383 Γ
513 2325 546 2383 A
568 2320 651 2404 πρὸς
674 2318 780 2404 ὀρθὰν
803 2320 899 2394 ὄντος
921 2327 960 2402 τῇ
986 2319 1080 2401 βάσει
1098 2327 1160 2383 τοῦ
1279 2299 1280 2316 ³

91 2431 126 2480 20
145 2426 327 2511 κυλίνδρου
360 2427 443 2512 πρὸς
472 2425 579 2512 ὀρθάς
606 2425 675 2490 ἐστι
702 2435 741 2510 τῇ
770 2429 884 2490 ΕΗΛ.
935 2423 1004 2490 ἐπεὶ
1031 2425 1094 2510 γάρ
1122 2426 1161 2489 τὸ

143 2527 205 2615 μέν
235 2535 301 2597 ΓΛ
332 2532 487 2598 ἐπίπεδον
516 2533 599 2618 πρὸς
633 2531 739 2618 ὀρθάς
774 2531 841 2596 ἐστι
876 2541 921 2619 τῷ
949 2540 1007 2616 τῆς
1033 2531 1162 2615 βάσεως

144 2637 296 2728 ἐπιπέδῳ,
321 2651 359 2726 τῇ
379 2637 416 2705 δὲ
433 2648 530 2724 κοινῇ
549 2639 659 2704 αὐτῶν
678 2647 761 2723 τομῇ
775 2647 814 2724 τῇ
835 2641 935 2702 ΓΑΛ
952 2640 1035 2724 πρὸς
1053 2637 1162 2722 ὀρθάς
1187 2665 1199 2692 ι

144 2744 234 2810 ἐστιν
257 2745 277 2828 ἡ
297 2750 365 2809 ΚΛ
388 2745 424 2810 ἐν
447 2755 492 2832 τῷ
516 2754 573 2828 τῆς
595 2742 722 2828 βάσεως
745 2743 885 2832 ἐπιπέδῳ
910 2741 1008 2829 οὖσα,
1035 2743 1160 2832 καὶτῷ

144 2855 248 2938 λοιπῷ
267 2853 331 2937 άρα
345 2860 391 2938 τῳ
405 2860 465 2914 τοῦ
481 2852 547 2914 ΓΔ
560 2849 905 2937 παραλληλογράμμου
920 2850 1062 2939 ἐπιπέδῳ
1077 2852 1162 2937 πρὸς

92 2965 126 3016 25
145 2955 252 3043 ὀρθάς
276 2956 374 3022 ἐστιν.

212 3083 243 3146 εί
280 3077 316 3145 δὲ
347 3082 384 3146 τὸ
417 3085 482 3146 ΓΛ
519 3082 580 3146 οὔκ
613 3080 681 3146 ἐστι
718 3082 801 3168 πρὸς
837 3081 944 3168 ὀρθάς
980 3091 1019 3168 τῇ
1055 3079 1162 3165 βάσει,

218 3281 243 3329 3.
262 3275 332 3346 ΑΓ]
353 3277 402 3328 ΓΑ
416 3292 442 3342 p.
500 3279 523 3328 7.
544 3273 723 3347 ἐπιφανείας]
744 3274 976 3346 ἐπῑλφανείαςν,
1033 3279 1074 3328 10.
1094 3271 1160 3344 γάρ]

147 3362 215 3401 corr.
236 3362 270 3399 ex
288 3343 469 3400 δέὶιιεοτὶλ).
490 3361 512 3399 ο.
587 3345 1045 3417 13.,ΕΖΗΘ]μ,ΕΖΘΗλῙο,
1119 3349 1160 3398 14.

147 3414 207 3488 καί]
226 3435 255 3470 τε
270 3415 322 3471 καί
340 3436 367 3486 p.
442 3421 483 3470 19.
504 3415 584 3478 ὄντος
602 3449 637 3458 -—
656 3424 698 3472 21.
718 3415 821 3489 ὀρθάς]
842 3416 887 3471 bis
906 3417 959 3471 Vc.
1032 3421 1075 3470 21.
1093 3414 1163 3470 Post

62 3547 64 3554 y
147 3485 303 3556 ὀρθάςτομ,
315 3485 530 3613 δυτοςτργβάσει
539 3496 588 3542 τοῦ
598 3486 747 3556 κυλίνδρου
757 3488 826 3555 πρὸς
836 3485 1010 3556 domigena.
1020 3492 1124 3542 19-20
1134 3505 1161 3555 p.

184 3563 226 3612 25.
247 3558 333 3631 ἐστιν]
353 3559 410 3614 έστῖ
455 3602 461 3615 .
