2594 3878
377 882 503 956 ΠΕΡΙ
528 880 714 955 ΚΩΝΟΤ
739 881 934 956 ΤΟΜΗΣ.

220 1061 284 1140 Τῆς
307 1055 342 1121 ἐν
365 1056 576 1131 τοῖςκώνοις
598 1064 713 1140 τομῖγς,
736 1056 848 1139 ἄριστε
871 1058 977 1140 Κῦρε,
1001 1055 1081 1119 ὅταν
1104 1056 1164 1119 διὰ

148 1172 205 1246 τῆς
232 1171 383 1246 κορυφῆς
410 1161 521 1227 αὐτῶν
548 1165 694 1245 γίνηται,
721 1165 866 1246 τρίγωνα
893 1157 953 1244 μὲν
975 1161 1166 1245 ὑφιστοίσης

149 1269 186 1334 έν
215 1281 284 1344 τοῖς
316 1271 449 1352 κώνοις,
482 1273 635 1352 ποικίλην
665 1266 701 1333 δὲ
727 1267 783 1333 καὶ
810 1270 986 1354 γλαφυρὰν
1013 1274 1166 1355 θεωρίαν

114 1390 130 1437 5
151 1375 287 1460 ἐχούσης
310 1375 365 1439 καὶ
388 1373 504 1459 μηδενί
527 1387 594 1440 τῶν
614 1377 678 1460 πρὸ
697 1376 800 1460 ἡμῶν,
819 1375 880 1439 ὅσα
898 1399 935 1457 γε
954 1371 1009 1460 έμὲ
1028 1374 1168 1460 εἰδέναι,

149 1485 457 1566 πραγματευθείσης
483 1479 576 1558 ἔδοξέ
601 1505 656 1565 μοι
684 1483 727 1565 μὴ
751 1487 858 1557 καλῶς
881 1485 967 1565 έχειν
991 1481 1167 1569 ἀνεξέργα-

150 1606 230 1652 στον
254 1587 387 1672 ἀφεῖναι
410 1589 469 1652 τὸν
492 1590 594 1652 τόπον
617 1596 746 1670 τοῦτον,
771 1589 874 1651 εἰπεῖν
893 1584 929 1652 δέ
947 1587 1023 1674 περὶ
1042 1589 1168 1672 αὐτῶν,

150 1695 211 1760 ὅσα
238 1719 275 1777 γε
303 1696 350 1769 είς
373 1692 454 1778 έμην
478 1693 614 1778 ἀφῖκται
636 1693 829 1776 κατάληψιν.
876 1695 994 1778 σχεδὸν
1017 1692 1078 1779 μὲν
1102 1691 1170 1760 οὖν

149 1800 189 1866 τοί
220 1825 257 1884 γε
288 1805 389 1865 πλείω
422 1798 477 1864 καὶ
509 1799 697 1885 βαθυτέρας
730 1801 894 1864 δοκοῦντα
922 1801 1055 1866 δεῖσθαι
1083 1825 1167 1884 γεω-

97 1921 130 1969 10
149 1911 282 1993 μετρίας
313 1907 456 1991 ἡγοῦμαι
484 1910 585 1989 λόγου
615 1905 826 1991 τετυχηκέναι
854 1905 932 1993 παρ’
962 1906 1070 1992 ἡμῶν,
1103 1909 1164 1974 οὐκ

149 2013 191 2078 ἂν
214 2011 251 2078 δὲ
273 2014 492 2098 θαυμάσαιμι,
516 2015 547 2077 εί
568 2017 625 2078 καί
641 2036 672 2078 τι
695 2024 762 2077 τῶν
781 2013 985 2098 ὀφειλόντων
1004 2019 1162 2099 λεχθῆναι

148 2123 314 2203 παρείκων
342 2119 486 2204 ὀφθείην
514 2120 569 2184 ἅτε
595 2130 725 2202 πρῶτος
752 2119 942 2204 ἐγχειρήσας
969 2131 1008 2206 τῇ
1036 2123 1160 2188 τούτωι

149 2229 288 2313 θεωρία·
313 2227 396 2290 ὥστε
414 2226 501 2301 είκὸς
519 2224 539 2307 ἢ
559 2221 595 2290 σὲ
613 2225 759 2290 καθέντα
777 2228 824 2302 είς
843 2228 903 2309 την
922 2227 1026 2311 αὐτην
1045 2227 1158 2306 σκέψιν

149 2332 170 2416 ἢ
193 2343 260 2397 τῶν
283 2333 423 2419 ὕστερον
446 2330 688 2416 ἐντευξομένων
710 2334 785 2397 τινὰ
809 2333 1002 2418 ὁρμώμενον
1025 2333 1157 2400 ἐνθένδε

98 2453 130 2501 15
150 2440 187 2504 τὸ
210 2437 388 2526 παροφθὲν
411 2438 490 2524 ημῖν
513 2445 720 2524 προσθεῖναι.
766 2442 834 2504 ἔστι
859 2436 895 2503 δὲ
919 2439 939 2503 ἃ
962 2437 1017 2504 καὶ
1036 2438 1158 2518 ἑκόντες

150 2551 437 2633 παραλελοίπαμεν
465 2545 485 2629 ἢ
513 2547 568 2610 διὰ
596 2547 633 2610 τὸ
661 2542 764 2629 σαφές
792 2544 812 2628 ἢ
836 2546 891 2609 aa&
914 2547 951 2610 τὸ
975 2547 1089 2623 ἄλλοις
1112 2549 1156 2611 δε

151 2654 295 2737 διῖχθαι·
320 2653 437 2718 αὐτίκα
460 2653 498 2716 τό
521 2649 581 2736 μὲν
605 2651 641 2716 ἐν
664 2649 762 2716 παντί
780 2653 876 2738 κώνφ
895 2656 1060 2736 τρίγωνον
1079 2649 1157 2718 εἷνιι

150 2761 264 2843 τομήν,
289 2761 319 2822 εί
341 2760 396 2822 διὰ
419 2767 477 2841 τῆς
499 2767 650 2843 κορυφῆς
672 2760 827 2841 τμηθείη,
854 2758 969 2822 διὰτὸ
993 2755 1156 2844 δεδεῖχθαι

151 2867 263 2940 ἄλλοις
283 2864 327 2939 ὡς
346 2865 450 2940 οὕτως
469 2867 545 2947 έχου
563 2863 656 2948 ἡμεῖς
673 2864 977 2949 παραλιμποίνομεν,
991 2866 1047 2930 ἴνα
1061 2869 1157 2951 μηᾶν

97 2984 131 3031 20
151 2970 325 3053 ίιλλότριον
353 2981 422 3045 τοῖς
448 2968 509 3053 ὑφ’
534 2970 627 3054 ἡμῶν
655 2969 820 3054 εὑρεθεῖσι
850 2971 1113 3056 συντεταγμένον
1125 2967 1155 3057 ᾗ.

151 3077 191 3140 τόι
215 3073 248 3139 θ’
274 3074 524 3160 έπιπολαιότερα
547 3075 601 3140 καὶ
625 3087 694 3151 τοῖς
716 3080 851 3153 πολλοῖς
872 3077 1016 3160 εὔληπτα
1034 3088 1156 3166 γραοῖγς

152 3181 213 3247 οὐκ
236 3179 430 3265 ἠξιώσαμεν,
454 3182 509 3245 ἵνα
532 3184 575 3268 μη
600 3194 666 3247 τῶν
689 3181 960 3266 ἐντυγχανόντων
982 3187 1045 3269 την
1063 3203 1154 3272 πρισ-

224 3427 350 3482 Titulum
369 3444 421 3481 om.
441 3427 499 3496 Vc,
524 3428 642 3496 σερήνου
661 3426 795 3491 ἀντινέως
814 3430 970 3499 φιλοσόφου
989 3431 1053 3498 περὶ
1072 3429 1156 3488 κώνου

151 3506 238 3566 τομῆς
255 3517 282 3566 p.
362 3505 402 3552 11.
427 3497 618 3570 θαυμάσαιμι]
638 3497 816 3567 θαυμάσαιτό
835 3520 876 3563 τις
894 3519 920 3570 p.
1004 3507 1044 3554 12.
1068 3496 1155 3566 παρεί-
