2574 3882
406 212 456 260 DE
477 211 653 262 SECTIONE
672 211 851 262 CYLINDRI.
1113 208 1133 271 9

191 355 219 419 8.
252 359 420 438 praeterea
452 355 531 419 haec
562 375 688 438 quoque
716 353 862 418 definitio
889 353 1136 438 praemittenda,

124 461 271 524 similes
296 461 426 546 ellipses
445 483 525 546 esse,
548 483 685 544 quarum
703 460 873 544 utriusque
892 460 1041 524 diametri
1061 482 1135 525 con·

122 567 254 653 iugatae
267 567 353 632 inter
367 589 401 632 se
416 569 551 632 eandem
564 567 724 632 rationem
738 567 880 631 habeant
892 570 925 631 et
934 567 974 630 ad
984 566 1135 651 aequales

125 675 261 760 angulos
284 674 370 739 inter
393 697 426 739 se
451 680 569 740 secent.

617 835 642 899 I.

192 956 226 1022 Si
258 959 339 1023 duae
371 964 477 1024 rectae
509 957 595 1024 inter
623 982 656 1024 se
685 964 856 1046 tangentes
885 959 1009 1022 duabus
1038 959 1135 1024 rectis

123 1065 209 1130 inter
245 1087 278 1130 se
315 1066 541 1152 tangentibus,
577 1089 714 1150 quarum
751 1070 887 1149 utraque
924 1064 1053 1148 utrique
1086 1069 1136 1128 est

125 1171 282 1255 aequalis,
307 1173 482 1257 parallelae
507 1178 596 1257 sunt,
618 1176 725 1236 rectae
749 1171 1040 1264 terminos'earum
1064 1192 1137 1236 con-

126 1280 299 1366 iungentes
324 1285 356 1344 et
378 1279 468 1364 ipsae
494 1280 645 1363 aequales
670 1283 745 1343 sunt
769 1283 801 1342 et
823 1278 1005 1362 parallelae.

192 2007 259 2072 sint
295 2006 376 2070 duae
412 1988 520 2070 rectae
557 2004 642 2069 inter
679 2027 712 2069 se
751 2011 923 2092 tangentes
961 2011 1042 2088 AB,
1076 2009 1143 2070 ΒΓ

124 2114 249 2178 duabus
268 2111 366 2177 rectis
385 2112 471 2176 inter
490 2133 524 2176 se
543 2113 753 2197 tangentibus
772 2117 855 2196 ΔΕ,
874 2117 937 2176 ΕΖ
956 2113 1137 2196 parallelae,

125 2224 158 2283 et
182 2219 225 2283 sit
244 2223 309 2283 ΑΒ
325 2250 367 2272 =
383 2223 465 2301 ΔΕ,
486 2221 555 2282 ΒΓ
567 2250 601 2270 =
621 2223 699 2302 EZ,
723 2219 944 2303 ducanturque
963 2223 1043 2304 ΑΓ,
1061 2225 1136 2284 ΔΖ.

125 2326 206 2409 dicu,
229 2331 334 2390 rectas
358 2331 391 2389 A
398 2328 438 2407 Γ,
461 2329 528 2388 ΛΖ
552 2325 702 2408 aequales
726 2330 759 2389 et
781 2326 953 2408 parallelas
978 2348 1056 2391 esse.

192 2433 352 2497 ducantur
371 2435 449 2514 BE,
469 2433 544 2513 ΓΖ,
564 2436 640 2494 ΑΛ.
683 2431 836 2515 quoniam
856 2436 921 2495 AB
945 2436 1051 2496 rectae
1070 2437 1139 2496 ΔΕ

125 2538 268 2622 aequalis
303 2542 352 2602 est
385 2543 418 2601 et
449 2537 618 2622 parallela,
654 2537 716 2601 erit
748 2538 847 2602 etiam
881 2539 986 2622 [Eucl.
1017 2537 1045 2620 l,
1079 2539 1136 2622 33]

126 2649 192 2707 ΒΕ
213 2648 321 2708 rectae
341 2649 412 2707 ΑΔ
435 2643 577 2726 aequalis
599 2648 631 2706 et
649 2643 814 2727 parallela.
851 2648 884 2707 et
903 2644 1056 2728 quoniam
1074 2649 1142 2708 ΒΓ

126 2755 233 2814 rectae
261 2753 325 2814 ΕΖ
353 2749 497 2833 aequalis
525 2754 575 2813 est
602 2755 635 2814 et
663 2749 843 2835 parallela,-
862 2751 925 2814 erit
952 2751 1050 2815 etiam
1074 2755 1140 2815 ΒΕ

125 2861 234 2920 rectae
259 2859 320 2920 ΓΖ
349 2856 492 2940 aequalis
521 2861 554 2921 et
580 2857 744 2941 parallela.
791 2881 889 2943 quare
914 2858 1019 2942 [Eucl.
1038 2857 1062 2945 Ι,
1081 2859 1138 2942 30]

126 2969 205 3028 AA.
219 2968 326 3029 rectae
352 2967 413 3028 ΓΖ
437 2964 580 3049 aequalis
605 2969 655 3029 est
678 2969 711 3029 et
733 2966 895 3050 parallela.
938 2988 1016 3052 ergo
1040 2966 1139 3030 etiam

126 3070 232 3155 [Eucl.
254 3070 284 3149 I,
308 3070 365 3154 33]
394 3073 474 3153 ΑΓ,
501 3075 568 3134 ΛΖ
597 3072 746 3154 aequales
775 3077 808 3137 et
835 3073 1022 3158 parallelae3
1053 3073 1138 3155 quod

126 3181 196 3242 erat
219 3177 512 3241 demonstrandum.

609 3320 652 3385 Il.

194 3442 229 3508 Si
257 3445 419 3528 cylindrus
446 3407 551 3529 plano¹
572 3467 631 3529 per
658 3468 750 3510 axem
775 3449 915 3528 secatur,
945 3444 1045 3510 sectio
1068 3467 1140 3529 par-

125 3551 404 3637 allelogrammum
428 3551 498 3616 erit.
