2604 3880
164 213 231 276 ‘202
480 215 569 265 ΠΕΡΙ
585 215 714 266 mor
733 214 872 266 ΤΟΜΗΣ.

166 380 257 439 γωνα
284 366 402 441 συστῆ,
430 354 484 440 ἐφ’
514 356 532 420 ὃ
559 356 659 442 μέρος
684 359 860 442 προσνεύει
882 357 901 422 δ
924 356 1027 440 ἄξων,
1049 367 1118 421 τῶν
1141 354 1179 421 δὲ

165 461 352 546 γενομένων
382 465 562 528 ἰσοσκελῶν
590 465 628 528 ἓν
657 463 773 530 ὁτιοῦν
802 470 877 529 ίσον
904 457 927 550 ᾖ
956 472 1003 551 τῷ
1031 464 1088 527 διὰ
1116 471 1178 528 τοῦ

165 567 283 646 ἄξονος
315 572 489 654 ίσοσκελεῖ,
521 571 539 636 ὁ
569 569 658 648 ἄξων
683 579 745 636 τοῦ
770 571 881 636 κώνου
910 570 1059 636 ἐλάσσων
1086 572 1178 635 ἔσται

165 685 223 759 τῆς
245 674 281 740 ἐκ
303 685 363 740 τοῦ
386 675 527 761 κέντρον
548 687 608 760 τῆς
628 677 764 760 βάσεως.

131 798 147 846 6
233 785 315 848 έστω
338 794 445 860 κῶνος
466 786 641 866 σκαληνύς,
662 780 704 849 οὗ
725 787 856 868 κορυφὴ
879 781 941 869 μὲν
963 786 1001 850 τὸ
1023 792 1067 868 Α,
1089 782 1178 862 ἄξων

166 886 203 954 δὲ
225 888 245 956 δ
267 894 334 954 AB
356 891 465 955 νεύων
487 888 540 956 έπί
562 891 603 953 τὰ
625 899 686 954 τοῦ
708 896 741 956 Δ
763 890 859 976 μέρη,
882 891 979 975 βάσις
1001 888 1038 956 δέ
1060 891 1079 957 δ
1101 889 1178 974 περὶ

66 983 68 988 ’
166 997 204 1061 τὸ
227 1000 256 1062 Β
278 995 431 1082 κέντρον,
455 1005 516 1061 τοῦ
543 993 580 1061 δὲ
601 999 685 1082 πρὸς
707 998 814 1082 ὀρθὰς
835 1007 882 1085 τῷ
903 999 1014 1085 κύκλῳ
1037 997 1094 1061 διᾶ
1116 1006 1177 1062 τοῦ

166 1101 283 1180 ἄξονος
314 1101 478 1186 ἀγομένου
509 1104 675 1186 τριγώνου
706 1103 803 1186 βᾶσις
829 1103 960 1186 ἔστωὴ
989 1107 1104 1186 ΓΒΔ,
1137 1114 1177 1188 τῆ
1296 1137 1297 1142 “

166 1207 202 1275 δὲ
218 1213 283 1276 ΓΔ
301 1210 384 1292 πρὸς
402 1209 509 1294 ὀρθὰς
526 1211 685 1293 ἤχθωσαν
704 1209 740 1274 έν
757 1220 805 1298 τῷ
822 1211 932 1298 κύκλῳ
951 1212 989 1275 αί
1004 1215 1078 1294 ΒΖ,
1097 1214 1177 1292 ΕΗ,

115 1331 147 1380 1⁰
166 1315 220 1382 καὶ
243 1315 426 1400 ἐπεζεύχθω
450 1315 470 1398 ἡ
491 1321 568 1399 ΑΕ,
590 1315 646 1381 καί
668 1317 858 1382 ὑποκείσθω
882 1327 927 1405 τῷ
951 1319 1007 1382 διὰ
1029 1326 1087 1400 τῆς
1109 1322 1177 1382 ΑΒ

165 1421 220 1488 καὶ
243 1431 301 1506 τῆς
319 1424 438 1506 διπλῆς
455 1433 514 1506 τῆς
532 1427 595 1488 ΒΖ
613 1423 763 1511 ἀγομένῳ
782 1426 945 1512 τριγώνῳ,
962 1421 1112 1489 τουτέστι
1130 1433 1177 1511 τῷ

166 1531 222 1594 διὰ
240 1537 300 1593 τοῦ
318 1527 435 1606 ἄξονος
449 1531 619 1612 ίσοσκελεῑ,
637 1531 674 1594 τὸ
693 1530 750 1594 διὰ
764 1539 822 1614 τῆς
835 1535 902 1595 ΕΑ
915 1529 971 1595 καί
985 1540 1044 1614 τῆς
1057 1531 1178 1614 διπλῆς

165 1645 223 1718 τῆς
245 1639 319 1700 ΕΗ
342 1634 505 1719 ἀγόμενον
533 1633 697 1713 ἰσοσκελὲς
724 1642 799 1701 ίσον
821 1632 916 1702 εἶναι.
961 1636 1060 1720 λέγω,
1083 1637 1134 1702 ὅτι
1159 1637 1177 1703 ὁ

167 1745 232 1806 BA
254 1740 342 1819 ἄξων
365 1741 510 1808 έλοίττων
532 1741 601 1808 ἐστὶ
624 1753 682 1826 τῆς
704 1742 739 1807 έκ
761 1751 822 1808 τοῦ
845 1742 994 1829 κέντρου.

112 1863 145 1912 15
230 1846 299 1914 ἐπεὶ
335 1849 355 1933 ἡ
387 1847 453 1915 ὑπὸ
485 1853 588 1914 ΑΒΕ
618 1852 724 1932 γωνία
761 1849 906 1915 έλᾶττων
938 1849 1029 1916 ἐστὶν
1060 1850 1178 1935 ὀρθῆς,

164 1957 258 2038 ἤχθω
282 1954 318 2020 έν
341 1965 386 2043 τῷ
409 1965 469 2020 τού
492 1960 595 2022 ΑΒΕ
616 1955 759 2044 ἐπιπέδῳ
782 1965 822 2042 τῆ
843 1959 907 2021 ΓΔ
928 1959 1012 2043 πρὸς
1030 1955 1175 2042 ὀρθὰςὴ

164 2065 238 2126 ΒΘ.
292 2059 347 2126 καὶ
379 2060 448 2126 ἐπεὶ
475 2065 594 2145 μείζων
624 2060 644 2144 ἡ
677 2067 745 2126 EA
774 2072 832 2146 τῆς
861 2068 927 2127 ΑΒ
956 2064 1012 2128 διὰ
1043 2065 1080 2129 τὸ
1110 2065 1176 2148 πρὸ

164 2167 295 2250 τούτου,
317 2165 337 2249 ἡ
361 2168 426 2250 ἄρα
448 2168 513 2232 ὑπὸ
533 2172 633 2234 ΒΕΑ
655 2173 761 2251 γωνία
784 2169 930 2234 ἐλάττων
952 2167 1042 2234 ἐστὶν
1060 2169 1177 2256 ὀρθῆς.

164 2273 252 2359 ὀρθὴ
280 2269 317 2338 δὲ
343 2271 363 2356 ἡ
392 2272 457 2338 ὑπὸ
488 2278 602 2340 ΘΒΕ·
631 2276 668 2338 αί
693 2277 757 2361 ἄρα
782 2280 858 2359 ΘΒ,
881 2281 949 2341 ΕΑ
971 2276 1102 2341 εὐθεῖαι
1125 2276 1178 2342 έκ-

111 2397 145 2446 20
164 2383 364 2466 βαλλόμεναι
387 2389 642 2465 συμπεσοῦνται.
683 2381 956 2465 συμπιπτέτωσαν
978 2383 1061 2448 κατὰ
1079 2384 1116 2447 τὸ
1138 2387 1176 2448 Θ.

165 2486 234 2554 ἐπεὶ
261 2484 324 2555 οὖν
350 2488 387 2552 τὸ
415 2484 476 2571 μὲν
503 2488 560 2553 διὰ
587 2496 647 2552 τοῦ
675 2486 792 2565 ἄξονος
820 2485 984 2564 ἰσοσκελὲς
1009 2495 1083 2554 ίσον
1106 2487 1177 2554 έστί

164 2605 209 2683 τῷ
232 2594 297 2660 ὑπὸ
321 2598 404 2677 ΑΒ,
427 2598 506 2676 ΒΖ,
532 2595 569 2659 τὸ
593 2590 630 2658 δὲ
653 2595 709 2658 διὰ
731 2603 790 2676 τῆς
811 2598 880 2658 ΑΕ
900 2592 955 2659 καὶ
977 2603 1036 2678 τῆς
1058 2595 1178 2678 διπλῆς

164 2711 221 2785 τῆς
253 2705 327 2766 ΕΗ
351 2697 515 2777 ἰσοσκελές
543 2707 616 2766 ίσον
643 2699 712 2766 έστί
738 2710 784 2788 τῷ
812 2700 877 2766 ὑπὸ
905 2705 986 2784 ΑΕ,
1009 2705 1093 2784 ΕΗ,
1120 2705 1179 2766 καί

165 2807 255 2872 ἐστιν
278 2814 332 2872 ίσα
355 2806 509 2890 ἄλλῆλοις
531 2809 571 2872 τὰ
595 2810 756 2890 ίσοσκελῆ,
779 2805 835 2871 καὶ
858 2809 895 2872 τὸ
918 2807 984 2872 ὑπὸ
1007 2812 1087 2891 ΑΒ,
1112 2813 1175 2872 ΒΖ

112 2930 145 2980 25
165 2915 228 2994 ἄρα
252 2919 325 2978 ίσον
349 2911 417 2978 έστί
440 2923 486 3001 τῷ
508 2913 574 2979 ὑπὸ
597 2919 677 2996 ΑΕ,
701 2917 785 2980 ΕΗ·
809 2914 855 2991 ὡς
877 2915 941 3000 ἄρα
963 2911 983 2997 ἡ
1004 2919 1070 2980 ΒΑ
1092 2915 1176 2999 πρὸς

164 3023 242 3104 ΑΕ,
267 3019 371 3100 οὕτως
393 3017 413 3101 ἡ
435 3024 504 3086 ΗΕ
525 3021 608 3106 πρὸς
627 3025 703 3102 ΖΒ,
726 3018 875 3085 τουτέστι
892 3021 976 3106 πρὸς
996 3025 1072 3086 HB.
1106 3019 1175 3086 ἐπεὶ

237 3291 259 3338 1.
280 3284 294 3339 δ
314 3283 401 3354 ἄξων]
420 3281 464 3336 bis
483 3301 510 3351 p,
530 3283 580 3336 sed
599 3300 667 3340 corr.
723 3289 746 3338 6.
766 3284 869 3354 νεύων]
888 3284 1052 3351 προσνεύων
1070 3303 1096 3354 p.
1150 3290 1173 3339 7.

164 3353 292 3428 κέντρον]
312 3351 428 3424 κέντρον
447 3353 547 3416 κύκλος
564 3372 591 3423 p,
610 3355 675 3409 fort.
694 3359 777 3410 recte.
859 3363 909 3408 τοῦ
928 3352 961 3408 δέ
979 3387 1015 3396 -
1033 3362 1057 3410 8.
1079 3359 1161 3410 ΓΒΔ

164 3443 217 3481 om.
236 3445 263 3496 p.
338 3431 378 3480 18.
399 3424 451 3497 δτι]
472 3441 552 3480 euan.
573 3442 595 3479 ο.
669 3432 711 3482 15.
731 3424 806 3498 ἐπεί]
827 3424 958 3496 έπεὶγᾶρ
977 3445 1003 3496 p.
1076 3430 1157 3482 ABE

163 3501 244 3566 ΑΕΒ
262 3516 288 3566 p.
365 3502 405 3551 1⁷.
426 3493 535 3568 μείζων]
555 3494 653 3564 μείζων
673 3495 747 3552 ἐστίν
764 3517 791 3568 p.
869 3502 912 3552 22.
931 3499 981 3570 τῷ]
1000 3516 1027 3566 μ,
1045 3507 1101 3553 τῶν
1119 3497 1174 3552 Vc.

199 3575 247 3636 τῆς
261 3570 334 3639 (pr.)]
353 3577 408 3622 τῶν
427 3567 510 3636 ch,
530 3584 598 3622 corr.
619 3568 727 3637 Halley.
801 3575 842 3624 26.
863 3569 937 3640 HE]
957 3571 1016 3623 ΕΗ
1032 3587 1058 3638 ρ.
