<?xml version="1.0" encoding="UTF-8"?>
<!DOCTYPE html PUBLIC "-//W3C//DTD XHTML 1.0 Transitional//EN"
    "http://www.w3.org/TR/xhtml1/DTD/xhtml1-transitional.dtd">
<html xmlns="http://www.w3.org/1999/xhtml" xml:lang="en" lang="en">
 <head>
  <title>
</title>
<meta http-equiv="Content-Type" content="text/html;charset=utf-8" />
  <meta name='ocr-system' content='tesseract 3.04.00' />
  <meta name='ocr-capabilities' content='ocr_page ocr_carea ocr_par ocr_line ocrx_word'/>
</head>
<body>
  <div class='ocr_page' id='page_1' title='image "./sereniantinoens02heibgoog_0184.png"; bbox 0 0 2594 3878; ppageno 0'>
   <div class='ocr_carea' id='block_1_1' title="bbox 178 202 871 266">
    <p class='ocr_par' dir='ltr' id='par_1_1' title="bbox 178 202 871 266">
     <span class='ocr_line' id='line_1_1' title="bbox 178 202 871 266; baseline 0 -11"><span class='ocrx_word' id='word_1_1' title='bbox 178 203 241 266; x_wconf 88' lang='grc'><strong><em>160</em></strong></span> <span class='ocrx_word' id='word_1_2' title='bbox 482 204 571 256; x_wconf 84' lang='grc' dir='ltr'><em>ΠΕΡΙ</em></span> <span class='ocrx_word' id='word_1_3' title='bbox 588 202 717 254; x_wconf 77' lang='grc' dir='ltr'>ΚΩΝΟΤ</span> <span class='ocrx_word' id='word_1_4' title='bbox 734 202 871 255; x_wconf 69' lang='lat' dir='ltr'>&#39;rom</span> 
     </span>
    </p>
   </div>
   <div class='ocr_carea' id='block_1_2' title="bbox 144 343 1189 1175">
    <p class='ocr_par' dir='ltr' id='par_1_2' title="bbox 177 343 1186 752">
     <span class='ocr_line' id='line_1_2' title="bbox 241 343 1185 431; baseline -0.002 -21"><span class='ocrx_word' id='word_1_5' title='bbox 241 346 342 410; x_wconf 80' lang='grc' dir='ltr'><strong><em>πάλιν</em></strong></span> <span class='ocrx_word' id='word_1_6' title='bbox 370 343 406 411; x_wconf 74' lang='lat'><strong><em>66</em></strong></span> <span class='ocrx_word' id='word_1_7' title='bbox 432 347 470 411; x_wconf 90' lang='grc' dir='ltr'><strong><em>τὸ</em></strong></span> <span class='ocrx_word' id='word_1_8' title='bbox 494 345 558 411; x_wconf 85' lang='grc' dir='ltr'><strong><em>ἀπὸ</em></strong></span> <span class='ocrx_word' id='word_1_9' title='bbox 586 355 643 429; x_wconf 81' lang='grc' dir='ltr'><strong><em>τῆς</em></strong></span> <span class='ocrx_word' id='word_1_10' title='bbox 665 352 698 410; x_wconf 90' lang='grc' dir='ltr'><em>Α</em></span> <span class='ocrx_word' id='word_1_11' title='bbox 724 346 807 431; x_wconf 79' lang='grc' dir='ltr'><strong><em>πρὸς</em></strong></span> <span class='ocrx_word' id='word_1_12' title='bbox 833 347 870 410; x_wconf 87' lang='grc' dir='ltr'><strong><em>τὸ</em></strong></span> <span class='ocrx_word' id='word_1_13' title='bbox 894 344 958 409; x_wconf 84' lang='grc' dir='ltr'><strong><em>άιτὸ</em></strong></span> <span class='ocrx_word' id='word_1_14' title='bbox 980 353 1038 428; x_wconf 79' lang='grc' dir='ltr'><strong><em>τῆς</em></strong></span> <span class='ocrx_word' id='word_1_15' title='bbox 1059 348 1088 408; x_wconf 90' lang='grc' dir='ltr'><em>Β</em></span> <span class='ocrx_word' id='word_1_16' title='bbox 1116 347 1185 429; x_wconf 89' lang='grc' dir='ltr'><strong><em>μεί-</em></strong></span> 
     </span>
     <span class='ocr_line' id='line_1_3' title="bbox 179 450 1186 538; baseline 0 -22"><span class='ocrx_word' id='word_1_17' title='bbox 179 456 256 530; x_wconf 80' lang='grc' dir='ltr'><strong><em>ζονα</em></strong></span> <span class='ocrx_word' id='word_1_18' title='bbox 283 455 384 534; x_wconf 80' lang='grc' dir='ltr'><strong><em>λόγον</em></strong></span> <span class='ocrx_word' id='word_1_19' title='bbox 412 451 510 537; x_wconf 77' lang='grc' dir='ltr'><strong><em>ἐχέτω</em></strong></span> <span class='ocrx_word' id='word_1_20' title='bbox 538 453 620 538; x_wconf 86' lang='grc' dir='ltr'><strong><em>ἥτιερ</em></strong></span> <span class='ocrx_word' id='word_1_21' title='bbox 647 453 685 516; x_wconf 89' lang='grc' dir='ltr'><strong><em>τὸ</em></strong></span> <span class='ocrx_word' id='word_1_22' title='bbox 713 451 776 516; x_wconf 88' lang='grc' dir='ltr'><strong><em>άτιὸ</em></strong></span> <span class='ocrx_word' id='word_1_23' title='bbox 803 460 862 534; x_wconf 85' lang='grc' dir='ltr'><strong><em>τῆς</em></strong></span> <span class='ocrx_word' id='word_1_24' title='bbox 889 454 922 514; x_wconf 94' lang='grc' dir='ltr'><strong><em>Γ</em></strong></span> <span class='ocrx_word' id='word_1_25' title='bbox 947 451 1029 537; x_wconf 79' lang='grc' dir='ltr'><strong><em>πρὸς</em></strong></span> <span class='ocrx_word' id='word_1_26' title='bbox 1055 453 1093 515; x_wconf 89' lang='grc' dir='ltr'><strong><em>τὸ</em></strong></span> <span class='ocrx_word' id='word_1_27' title='bbox 1122 450 1186 516; x_wconf 83' lang='grc' dir='ltr'><strong><em>ἀπὸ</em></strong></span> 
     </span>
     <span class='ocr_line' id='line_1_4' title="bbox 177 557 1185 644; baseline -0.002 -21"><span class='ocrx_word' id='word_1_28' title='bbox 177 568 235 642; x_wconf 78' lang='grc' dir='ltr'><strong><em>τῆς</em></strong></span> <span class='ocrx_word' id='word_1_29' title='bbox 262 565 304 623; x_wconf 91' lang='lat' dir='ltr'><em>A.</em></span> <span class='ocrx_word' id='word_1_30' title='bbox 353 558 453 642; x_wconf 77' lang='grc' dir='ltr'><strong><em>λέγω,</em></strong></span> <span class='ocrx_word' id='word_1_31' title='bbox 485 559 536 624; x_wconf 80' lang='grc' dir='ltr'><strong><em>ὅτι</em></strong></span> <span class='ocrx_word' id='word_1_32' title='bbox 563 557 584 641; x_wconf 83' lang='grc' dir='ltr'><em>ἡ</em></span> <span class='ocrx_word' id='word_1_33' title='bbox 611 565 644 623; x_wconf 96' lang='lat' dir='ltr'><em>A</em></span> <span class='ocrx_word' id='word_1_34' title='bbox 670 560 753 644; x_wconf 80' lang='grc' dir='ltr'><strong><em>πρὸς</em></strong></span> <span class='ocrx_word' id='word_1_35' title='bbox 780 559 841 642; x_wconf 78' lang='grc' dir='ltr'><strong><em>τὴν</em></strong></span> <span class='ocrx_word' id='word_1_36' title='bbox 869 563 898 622; x_wconf 90' lang='grc' dir='ltr'>Β</span> <span class='ocrx_word' id='word_1_37' title='bbox 925 561 1056 642; x_wconf 75' lang='grc' dir='ltr'><strong><em>μείζονα</em></strong></span> <span class='ocrx_word' id='word_1_38' title='bbox 1083 559 1185 640; x_wconf 82' lang='grc' dir='ltr'><strong><em>λόγον</em></strong></span> 
     </span>
     <span class='ocr_line' id='line_1_5' title="bbox 178 667 692 752; baseline -0.004 -22"><span class='ocrx_word' id='word_1_39' title='bbox 178 669 242 750; x_wconf 83' lang='grc' dir='ltr'><strong><em>ἔχει</em></strong></span> <span class='ocrx_word' id='word_1_40' title='bbox 264 667 346 752; x_wconf 85' lang='grc' dir='ltr'><strong><em>ἥπερ</em></strong></span> <span class='ocrx_word' id='word_1_41' title='bbox 369 667 389 749; x_wconf 85' lang='grc' dir='ltr'><strong><em>ἥ</em></strong></span> <span class='ocrx_word' id='word_1_42' title='bbox 414 669 447 730; x_wconf 91' lang='grc' dir='ltr'>Γ</span> <span class='ocrx_word' id='word_1_43' title='bbox 463 667 546 750; x_wconf 85' lang='grc' dir='ltr'><strong><em>πρὸς</em></strong></span> <span class='ocrx_word' id='word_1_44' title='bbox 567 667 629 749; x_wconf 81' lang='grc' dir='ltr'><strong><em>τὴν</em></strong></span> <span class='ocrx_word' id='word_1_45' title='bbox 650 671 692 729; x_wconf 94' lang='lat' dir='ltr'><em>A.</em></span> 
     </span>
    </p>

    <p class='ocr_par' dir='ltr' id='par_1_3' title="bbox 144 770 1189 1175">
     <span class='ocr_line' id='line_1_6' title="bbox 144 770 1188 856; baseline 0 -22"><span class='ocrx_word' id='word_1_46' title='bbox 144 787 159 834; x_wconf 83' lang='lat'>5</span> <span class='ocrx_word' id='word_1_47' title='bbox 246 771 315 837; x_wconf 81' lang='grc' dir='ltr'><strong><em>ἐπεὶ</em></strong></span> <span class='ocrx_word' id='word_1_48' title='bbox 337 773 355 838; x_wconf 96' lang='lat'><em>6</em></span> <span class='ocrx_word' id='word_1_49' title='bbox 378 781 438 837; x_wconf 87' lang='grc' dir='ltr'><strong><em>τοῦ</em></strong></span> <span class='ocrx_word' id='word_1_50' title='bbox 462 772 525 836; x_wconf 87' lang='grc' dir='ltr'><strong><em>άτιὸ</em></strong></span> <span class='ocrx_word' id='word_1_51' title='bbox 548 781 606 855; x_wconf 78' lang='grc' dir='ltr'><strong><em>τῆς</em></strong></span> <span class='ocrx_word' id='word_1_52' title='bbox 628 779 661 836; x_wconf 93' lang='grc' dir='ltr'><em>Α</em></span> <span class='ocrx_word' id='word_1_53' title='bbox 687 773 771 856; x_wconf 89' lang='grc' dir='ltr'><strong><em>τιρὸς</em></strong></span> <span class='ocrx_word' id='word_1_54' title='bbox 797 773 834 836; x_wconf 90' lang='grc' dir='ltr'><strong><em>τὸ</em></strong></span> <span class='ocrx_word' id='word_1_55' title='bbox 862 770 925 836; x_wconf 78' lang='grc' dir='ltr'><strong><em>ἀπὸ</em></strong></span> <span class='ocrx_word' id='word_1_56' title='bbox 952 779 1010 854; x_wconf 80' lang='grc' dir='ltr'><strong><em>τῆς</em></strong></span> <span class='ocrx_word' id='word_1_57' title='bbox 1032 775 1061 834; x_wconf 92' lang='grc' dir='ltr'><strong><em>Β</em></strong></span> <span class='ocrx_word' id='word_1_58' title='bbox 1089 773 1188 852; x_wconf 81' lang='grc' dir='ltr'><strong><em>λόγος</em></strong></span> 
     </span>
     <span class='ocr_line' id='line_1_7' title="bbox 178 876 1188 964; baseline -0.002 -20"><span class='ocrx_word' id='word_1_59' title='bbox 178 882 296 963; x_wconf 81' lang='grc' dir='ltr'><strong><em>μείζων</em></strong></span> <span class='ocrx_word' id='word_1_60' title='bbox 324 877 392 944; x_wconf 78' lang='grc' dir='ltr'><strong><em>ἐστὶ</em></strong></span> <span class='ocrx_word' id='word_1_61' title='bbox 419 887 480 942; x_wconf 86' lang='grc' dir='ltr'><strong><em>τοῦ</em></strong></span> <span class='ocrx_word' id='word_1_62' title='bbox 507 887 566 943; x_wconf 82' lang='grc' dir='ltr'><strong><em>τοῦ</em></strong></span> <span class='ocrx_word' id='word_1_63' title='bbox 594 876 658 943; x_wconf 87' lang='grc' dir='ltr'><strong><em>άτιὸ</em></strong></span> <span class='ocrx_word' id='word_1_64' title='bbox 685 887 743 961; x_wconf 79' lang='grc' dir='ltr'><strong><em>τῆς</em></strong></span> <span class='ocrx_word' id='word_1_65' title='bbox 767 881 799 942; x_wconf 90' lang='grc' dir='ltr'><strong><em>Γ</em></strong></span> <span class='ocrx_word' id='word_1_66' title='bbox 819 879 902 964; x_wconf 89' lang='grc' dir='ltr'><strong><em>τιρὸς</em></strong></span> <span class='ocrx_word' id='word_1_67' title='bbox 926 879 963 942; x_wconf 88' lang='grc' dir='ltr'><strong><em>τὸ</em></strong></span> <span class='ocrx_word' id='word_1_68' title='bbox 987 876 1051 941; x_wconf 86' lang='grc' dir='ltr'><strong><em>άτιὸ</em></strong></span> <span class='ocrx_word' id='word_1_69' title='bbox 1073 886 1132 960; x_wconf 82' lang='grc' dir='ltr'><strong><em>τῆς</em></strong></span> <span class='ocrx_word' id='word_1_70' title='bbox 1154 883 1188 942; x_wconf 97' lang='lat' dir='ltr'><em>A</em></span> 
     </span>
     <span class='ocr_line' id='line_1_8' title="bbox 182 983 1189 1068; baseline -0.001 -18"><span class='ocrx_word' id='word_1_71' title='bbox 182 988 298 1068; x_wconf 79' lang='grc' dir='ltr'><strong><em>λόγου,</em></strong></span> <span class='ocrx_word' id='word_1_72' title='bbox 325 983 380 1049; x_wconf 82' lang='grc' dir='ltr'><strong><em>καὶ</em></strong></span> <span class='ocrx_word' id='word_1_73' title='bbox 403 985 421 1050; x_wconf 99' lang='lat'><em>6</em></span> <span class='ocrx_word' id='word_1_74' title='bbox 444 993 504 1048; x_wconf 88' lang='grc' dir='ltr'><strong><em>τοῦ</em></strong></span> <span class='ocrx_word' id='word_1_75' title='bbox 527 987 675 1068; x_wconf 78' lang='grc' dir='ltr'><strong><em>μείζονος</em></strong></span> <span class='ocrx_word' id='word_1_76' title='bbox 702 985 766 1068; x_wconf 79' lang='grc' dir='ltr'><strong><em>ἄρα</em></strong></span> <span class='ocrx_word' id='word_1_77' title='bbox 787 984 908 1067; x_wconf 77' lang='grc' dir='ltr'><strong><em>ἥμισυς</em></strong></span> <span class='ocrx_word' id='word_1_78' title='bbox 929 991 990 1047; x_wconf 82' lang='grc' dir='ltr'><strong><em>τοῦ</em></strong></span> <span class='ocrx_word' id='word_1_79' title='bbox 1012 993 1073 1048; x_wconf 91' lang='grc' dir='ltr'><strong><em>τοῦ</em></strong></span> <span class='ocrx_word' id='word_1_80' title='bbox 1096 983 1189 1049; x_wconf 79' lang='grc' dir='ltr'><strong><em>ἐλάτ-</em></strong></span> 
     </span>
     <span class='ocr_line' id='line_1_9' title="bbox 179 1086 1188 1175; baseline -0.003 -18"><span class='ocrx_word' id='word_1_81' title='bbox 179 1116 277 1168; x_wconf 90' lang='grc' dir='ltr'><strong><em>τονος</em></strong></span> <span class='ocrx_word' id='word_1_82' title='bbox 294 1091 427 1175; x_wconf 81' lang='grc' dir='ltr'><strong><em>ἡμίσεος</em></strong></span> <span class='ocrx_word' id='word_1_83' title='bbox 445 1094 563 1175; x_wconf 83' lang='grc' dir='ltr'><strong><em>μείζων</em></strong></span> <span class='ocrx_word' id='word_1_84' title='bbox 581 1091 678 1157; x_wconf 85' lang='grc' dir='ltr'><strong><em>ἐστίν.</em></strong></span> <span class='ocrx_word' id='word_1_85' title='bbox 712 1094 780 1155; x_wconf 78' lang='grc' dir='ltr'><strong><em>ἔστι</em></strong></span> <span class='ocrx_word' id='word_1_86' title='bbox 798 1087 835 1154; x_wconf 72' lang='lat'><strong><em>66</em></strong></span> <span class='ocrx_word' id='word_1_87' title='bbox 853 1099 913 1155; x_wconf 89' lang='grc' dir='ltr'><strong><em>τοῦ</em></strong></span> <span class='ocrx_word' id='word_1_88' title='bbox 931 1086 991 1173; x_wconf 73' lang='grc' dir='ltr'><strong><em>μὲν</em></strong></span> <span class='ocrx_word' id='word_1_89' title='bbox 1006 1089 1069 1154; x_wconf 85' lang='grc' dir='ltr'><strong><em>άιιὸ</em></strong></span> <span class='ocrx_word' id='word_1_90' title='bbox 1083 1099 1142 1174; x_wconf 84' lang='grc' dir='ltr'><strong><em>τῆς</em></strong></span> <span class='ocrx_word' id='word_1_91' title='bbox 1155 1098 1188 1154; x_wconf 91' lang='lat' dir='ltr'><em>A</em></span> 
     </span>
    </p>
   </div>
   <div class='ocr_carea' id='block_1_3' title="bbox 178 1197 1290 1284">
    <p class='ocr_par' dir='ltr' id='par_1_4' title="bbox 178 1197 1290 1284">
     <span class='ocr_line' id='line_1_10' title="bbox 178 1197 1290 1284; baseline -0.001 -21"><span class='ocrx_word' id='word_1_92' title='bbox 178 1200 261 1284; x_wconf 80' lang='grc' dir='ltr'><strong><em>πρὸς</em></strong></span> <span class='ocrx_word' id='word_1_93' title='bbox 292 1199 329 1263; x_wconf 90' lang='grc' dir='ltr'><strong><em>τὸ</em></strong></span> <span class='ocrx_word' id='word_1_94' title='bbox 362 1197 426 1263; x_wconf 81' lang='grc' dir='ltr'><strong><em>άπὸ</em></strong></span> <span class='ocrx_word' id='word_1_95' title='bbox 453 1207 511 1282; x_wconf 81' lang='grc' dir='ltr'><strong><em>τῆς</em></strong></span> <span class='ocrx_word' id='word_1_96' title='bbox 537 1203 565 1262; x_wconf 88' lang='grc' dir='ltr'>Β</span> <span class='ocrx_word' id='word_1_97' title='bbox 597 1201 698 1280; x_wconf 77' lang='grc' dir='ltr'><strong><em>λόγου</em></strong></span> <span class='ocrx_word' id='word_1_98' title='bbox 726 1200 872 1282; x_wconf 78' lang='grc' dir='ltr'><strong><em>μείζονος</em></strong></span> <span class='ocrx_word' id='word_1_99' title='bbox 899 1198 995 1272; x_wconf 77' lang='grc' dir='ltr'><strong><em>ὄντος</em></strong></span> <span class='ocrx_word' id='word_1_100' title='bbox 1021 1197 1141 1280; x_wconf 89' lang='grc' dir='ltr'><strong><em>ἥμισυς</em></strong></span> <span class='ocrx_word' id='word_1_101' title='bbox 1169 1197 1187 1262; x_wconf 97' lang='lat'><em>6</em></span> <span class='ocrx_word' id='word_1_102' title='bbox 1289 1279 1290 1282; x_wconf 8' lang='grc' dir='ltr'><strong><em>ρ</em></strong></span> 
     </span>
    </p>
   </div>
   <div class='ocr_carea' id='block_1_4' title="bbox 128 1301 1186 1391">
    <p class='ocr_par' dir='ltr' id='par_1_5' title="bbox 128 1285 1290 1391">
     <span class='ocr_line' id='line_1_11' title="bbox 128 1301 1186 1391; baseline 0 -23"><span class='ocrx_word' id='word_1_103' title='bbox 128 1319 160 1368; x_wconf 89' lang='grc'><strong><em>10</em></strong></span> <span class='ocrx_word' id='word_1_104' title='bbox 179 1314 237 1388; x_wconf 86' lang='grc' dir='ltr'><strong><em>τῆς</em></strong></span> <span class='ocrx_word' id='word_1_105' title='bbox 259 1310 292 1368; x_wconf 92' lang='lat' dir='ltr'><em>A</em></span> <span class='ocrx_word' id='word_1_106' title='bbox 319 1306 401 1391; x_wconf 83' lang='grc' dir='ltr'><strong><em>πρὸς</em></strong></span> <span class='ocrx_word' id='word_1_107' title='bbox 427 1306 488 1388; x_wconf 81' lang='grc' dir='ltr'><strong><em>τὴν</em></strong></span> <span class='ocrx_word' id='word_1_108' title='bbox 511 1309 554 1388; x_wconf 95' lang='grc' dir='ltr'><strong><em>Β,</em></strong></span> <span class='ocrx_word' id='word_1_109' title='bbox 586 1313 646 1368; x_wconf 87' lang='grc' dir='ltr'><strong><em>τοῦ</em></strong></span> <span class='ocrx_word' id='word_1_110' title='bbox 674 1301 710 1368; x_wconf 73' lang='grc' dir='ltr'><strong><em>δὲ</em></strong></span> <span class='ocrx_word' id='word_1_111' title='bbox 735 1303 798 1369; x_wconf 86' lang='grc' dir='ltr'><strong><em>άιιὸ</em></strong></span> <span class='ocrx_word' id='word_1_112' title='bbox 821 1313 879 1387; x_wconf 86' lang='grc' dir='ltr'><strong><em>τῆς</em></strong></span> <span class='ocrx_word' id='word_1_113' title='bbox 903 1306 935 1368; x_wconf 92' lang='grc' dir='ltr'>Γ</span> <span class='ocrx_word' id='word_1_114' title='bbox 956 1304 1040 1389; x_wconf 85' lang='grc' dir='ltr'><strong><em>πρὸς</em></strong></span> <span class='ocrx_word' id='word_1_115' title='bbox 1061 1304 1098 1368; x_wconf 91' lang='grc' dir='ltr'><strong><em>τὸ</em></strong></span> <span class='ocrx_word' id='word_1_116' title='bbox 1123 1303 1186 1368; x_wconf 78' lang='grc' dir='ltr'><strong><em>άπὸ</em></strong></span> 
     </span>
    </p>
   </div>
   <div class='ocr_carea' id='block_1_5' title="bbox 178 1403 1290 1608">
    <p class='ocr_par' dir='ltr' id='par_1_6' title="bbox 178 1403 1290 1608">
     <span class='ocr_line' id='line_1_12' title="bbox 179 1403 1290 1496; baseline -0.003 -20"><span class='ocrx_word' id='word_1_117' title='bbox 179 1421 236 1495; x_wconf 77' lang='grc' dir='ltr'><strong><em>τῆς</em></strong></span> <span class='ocrx_word' id='word_1_118' title='bbox 259 1418 292 1476; x_wconf 97' lang='lat' dir='ltr'><em>A</em></span> <span class='ocrx_word' id='word_1_119' title='bbox 320 1411 493 1489; x_wconf 77' lang='grc' dir='ltr'><strong><em>ἐλάττονος</em></strong></span> <span class='ocrx_word' id='word_1_120' title='bbox 515 1413 611 1488; x_wconf 80' lang='grc' dir='ltr'><strong><em>ὄντος</em></strong></span> <span class='ocrx_word' id='word_1_121' title='bbox 632 1413 752 1495; x_wconf 78' lang='grc' dir='ltr'><strong><em>ἥμισυς</em></strong></span> <span class='ocrx_word' id='word_1_122' title='bbox 775 1411 793 1476; x_wconf 95' lang='lat'><em>6</em></span> <span class='ocrx_word' id='word_1_123' title='bbox 816 1419 874 1494; x_wconf 78' lang='grc' dir='ltr'><strong><em>τῆς</em></strong></span> <span class='ocrx_word' id='word_1_124' title='bbox 897 1413 930 1474; x_wconf 91' lang='grc' dir='ltr'><em>Γ</em></span> <span class='ocrx_word' id='word_1_125' title='bbox 951 1411 1034 1496; x_wconf 87' lang='grc' dir='ltr'><strong><em>πρὸς</em></strong></span> <span class='ocrx_word' id='word_1_126' title='bbox 1056 1411 1117 1493; x_wconf 82' lang='grc' dir='ltr'><strong><em>την</em></strong></span> <span class='ocrx_word' id='word_1_127' title='bbox 1141 1416 1186 1474; x_wconf 88' lang='grc' dir='ltr'><strong><em>Δ·</em></strong></span> <span class='ocrx_word' id='word_1_128' title='bbox 1289 1403 1290 1408; x_wconf 53' lang='grc'>’</span> 
     </span>
     <span class='ocr_line' id='line_1_13' title="bbox 178 1514 1290 1608; baseline -0.003 -26"><span class='ocrx_word' id='word_1_129' title='bbox 178 1516 233 1582; x_wconf 81' lang='grc' dir='ltr'><strong><em>τινὶ</em></strong></span> <span class='ocrx_word' id='word_1_130' title='bbox 256 1517 274 1583; x_wconf 94' lang='lat'><em>6</em></span> <span class='ocrx_word' id='word_1_131' title='bbox 297 1527 354 1601; x_wconf 79' lang='grc' dir='ltr'><strong><em>τῆς</em></strong></span> <span class='ocrx_word' id='word_1_132' title='bbox 377 1524 409 1582; x_wconf 91' lang='lat' dir='ltr'><em>A</em></span> <span class='ocrx_word' id='word_1_133' title='bbox 437 1520 501 1604; x_wconf 88' lang='grc' dir='ltr'><strong><em>άροι</em></strong></span> <span class='ocrx_word' id='word_1_134' title='bbox 522 1518 605 1603; x_wconf 83' lang='grc' dir='ltr'><strong><em>πρὸς</em></strong></span> <span class='ocrx_word' id='word_1_135' title='bbox 627 1519 688 1602; x_wconf 82' lang='grc' dir='ltr'><strong><em>τὴν</em></strong></span> <span class='ocrx_word' id='word_1_136' title='bbox 711 1522 746 1608; x_wconf 28' lang='grc' dir='ltr'><strong><em>Β,</em></strong></span> <span class='ocrx_word' id='word_1_137' title='bbox 768 1521 865 1599; x_wconf 83' lang='grc' dir='ltr'><strong><em>λόγος</em></strong></span> <span class='ocrx_word' id='word_1_138' title='bbox 892 1519 1009 1601; x_wconf 81' lang='grc' dir='ltr'><strong><em>μείζων</em></strong></span> <span class='ocrx_word' id='word_1_139' title='bbox 1032 1514 1101 1582; x_wconf 83' lang='grc' dir='ltr'><strong><em>ἐστὶ</em></strong></span> <span class='ocrx_word' id='word_1_140' title='bbox 1126 1525 1186 1580; x_wconf 85' lang='grc' dir='ltr'><strong><em>τοῦ</em></strong></span> <span class='ocrx_word' id='word_1_141' title='bbox 1289 1567 1290 1572; x_wconf 55' lang='grc'>,</span> 
     </span>
    </p>
   </div>
   <div class='ocr_carea' id='block_1_6' title="bbox 178 1622 877 1710">
    <p class='ocr_par' dir='ltr' id='par_1_7' title="bbox 178 1622 877 1710">
     <span class='ocr_line' id='line_1_14' title="bbox 178 1622 877 1710; baseline 0 -22"><span class='ocrx_word' id='word_1_142' title='bbox 178 1633 236 1707; x_wconf 85' lang='grc' dir='ltr'><strong><em>τῆς</em></strong></span> <span class='ocrx_word' id='word_1_143' title='bbox 260 1627 292 1688; x_wconf 92' lang='grc' dir='ltr'>Γ</span> <span class='ocrx_word' id='word_1_144' title='bbox 308 1625 392 1710; x_wconf 78' lang='grc' dir='ltr'><strong><em>πρὸς</em></strong></span> <span class='ocrx_word' id='word_1_145' title='bbox 413 1627 474 1708; x_wconf 83' lang='grc' dir='ltr'><strong><em>τὴν</em></strong></span> <span class='ocrx_word' id='word_1_146' title='bbox 497 1631 543 1690; x_wconf 93' lang='lat' dir='ltr'><strong><em>A·</em></strong></span> <span class='ocrx_word' id='word_1_147' title='bbox 572 1625 651 1710; x_wconf 79' lang='grc' dir='ltr'><strong><em>ὅπερ</em></strong></span> <span class='ocrx_word' id='word_1_148' title='bbox 676 1626 742 1689; x_wconf 76' lang='grc' dir='ltr'><strong><em>ἔδει</em></strong></span> <span class='ocrx_word' id='word_1_149' title='bbox 766 1622 877 1702; x_wconf 77' lang='grc' dir='ltr'><strong><em>δείξαι.</em></strong></span> 
     </span>
    </p>
   </div>
   <div class='ocr_carea' id='block_1_7' title="bbox 127 1817 1193 3414">
    <p class='ocr_par' dir='ltr' id='par_1_8' title="bbox 651 1817 712 1884">
     <span class='ocr_line' id='line_1_15' title="bbox 651 1817 712 1884; baseline 0 0"><span class='ocrx_word' id='word_1_150' title='bbox 651 1817 712 1884; x_wconf 76' lang='grc' dir='ltr'><strong><em>ιθ’.</em></strong></span> 
     </span>
    </p>

    <p class='ocr_par' dir='ltr' id='par_1_9' title="bbox 128 1939 1189 2454">
     <span class='ocr_line' id='line_1_16' title="bbox 128 1939 1189 2030; baseline 0.001 -25"><span class='ocrx_word' id='word_1_151' title='bbox 128 1957 160 2006; x_wconf 84' lang='lat'><strong><em>15</em></strong></span> <span class='ocrx_word' id='word_1_152' title='bbox 244 1943 320 2010; x_wconf 84' lang='grc' dir='ltr'><strong><em>Ἐάν</em></strong></span> <span class='ocrx_word' id='word_1_153' title='bbox 348 1946 409 2009; x_wconf 77' lang='grc' dir='ltr'><strong><em>δύο</em></strong></span> <span class='ocrx_word' id='word_1_154' title='bbox 437 1943 560 2028; x_wconf 80' lang='grc' dir='ltr'><strong><em>μεγέθη</em></strong></span> <span class='ocrx_word' id='word_1_155' title='bbox 590 1951 645 2008; x_wconf 87' lang='grc' dir='ltr'><strong><em>ίσοι</em></strong></span> <span class='ocrx_word' id='word_1_156' title='bbox 672 1944 836 2028; x_wconf 84' lang='grc' dir='ltr'><strong><em>ἀνομοίως</em></strong></span> <span class='ocrx_word' id='word_1_157' title='bbox 859 1945 1027 2030; x_wconf 73' lang='grc' dir='ltr'><strong><em>διαιρεθῇ,</em></strong></span> <span class='ocrx_word' id='word_1_158' title='bbox 1060 1953 1128 2007; x_wconf 85' lang='grc' dir='ltr'><strong><em>τῶν</em></strong></span> <span class='ocrx_word' id='word_1_159' title='bbox 1151 1939 1189 2006; x_wconf 72' lang='grc' dir='ltr'><strong><em>δὲ</em></strong></span> 
     </span>
     <span class='ocr_line' id='line_1_17' title="bbox 180 2049 1186 2136; baseline -0.003 -21"><span class='ocrx_word' id='word_1_160' title='bbox 180 2061 239 2116; x_wconf 87' lang='grc' dir='ltr'><strong><em>τοῦ</em></strong></span> <span class='ocrx_word' id='word_1_161' title='bbox 264 2049 375 2136; x_wconf 79' lang='grc' dir='ltr'><strong><em>ἑτέρου</em></strong></span> <span class='ocrx_word' id='word_1_162' title='bbox 399 2051 575 2135; x_wconf 80' lang='grc' dir='ltr'><strong><em>τμημάτων</em></strong></span> <span class='ocrx_word' id='word_1_163' title='bbox 598 2052 635 2114; x_wconf 89' lang='grc' dir='ltr'><strong><em>τὸ</em></strong></span> <span class='ocrx_word' id='word_1_164' title='bbox 658 2053 768 2134; x_wconf 80' lang='grc' dir='ltr'><strong><em>μεῖζον</em></strong></span> <span class='ocrx_word' id='word_1_165' title='bbox 796 2051 878 2136; x_wconf 82' lang='grc' dir='ltr'><strong><em>πρὸς</em></strong></span> <span class='ocrx_word' id='word_1_166' title='bbox 900 2051 937 2114; x_wconf 91' lang='grc' dir='ltr'><strong><em>τὸ</em></strong></span> <span class='ocrx_word' id='word_1_167' title='bbox 961 2053 1096 2114; x_wconf 80' lang='grc' dir='ltr'><strong><em>ἔλαττον</em></strong></span> <span class='ocrx_word' id='word_1_168' title='bbox 1119 2051 1186 2133; x_wconf 87' lang='grc' dir='ltr'><strong><em>μεί-</em></strong></span> 
     </span>
     <span class='ocr_line' id='line_1_18' title="bbox 180 2156 1188 2242; baseline -0.002 -20"><span class='ocrx_word' id='word_1_169' title='bbox 180 2161 258 2235; x_wconf 86' lang='grc' dir='ltr'><strong><em>ζονα</em></strong></span> <span class='ocrx_word' id='word_1_170' title='bbox 285 2160 385 2239; x_wconf 82' lang='grc' dir='ltr'><strong><em>λόγον</em></strong></span> <span class='ocrx_word' id='word_1_171' title='bbox 413 2160 469 2242; x_wconf 78' lang='grc' dir='ltr'><strong><em>ἔχη</em></strong></span> <span class='ocrx_word' id='word_1_172' title='bbox 496 2158 578 2242; x_wconf 85' lang='grc' dir='ltr'><strong><em>ἥπερ</em></strong></span> <span class='ocrx_word' id='word_1_173' title='bbox 606 2165 666 2221; x_wconf 88' lang='grc' dir='ltr'><strong><em>τοῦ</em></strong></span> <span class='ocrx_word' id='word_1_174' title='bbox 694 2162 812 2222; x_wconf 78' lang='grc' dir='ltr'><strong><em>λοιποῦ</em></strong></span> <span class='ocrx_word' id='word_1_175' title='bbox 839 2158 876 2221; x_wconf 90' lang='grc' dir='ltr'><strong><em>τὸ</em></strong></span> <span class='ocrx_word' id='word_1_176' title='bbox 904 2159 1013 2240; x_wconf 76' lang='grc' dir='ltr'><strong><em>μεῖζον</em></strong></span> <span class='ocrx_word' id='word_1_177' title='bbox 1040 2157 1123 2240; x_wconf 85' lang='grc' dir='ltr'><strong><em>πρὸς</em></strong></span> <span class='ocrx_word' id='word_1_178' title='bbox 1149 2156 1188 2220; x_wconf 88' lang='grc' dir='ltr'><strong><em>τὸ</em></strong></span> 
     </span>
     <span class='ocr_line' id='line_1_19' title="bbox 180 2260 1189 2349; baseline -0.002 -21"><span class='ocrx_word' id='word_1_179' title='bbox 180 2267 314 2328; x_wconf 79' lang='grc' dir='ltr'><strong><em>ἔλαττον</em></strong></span> <span class='ocrx_word' id='word_1_180' title='bbox 346 2262 366 2347; x_wconf 89' lang='grc' dir='ltr'><strong><em>ἥ</em></strong></span> <span class='ocrx_word' id='word_1_181' title='bbox 394 2264 431 2328; x_wconf 88' lang='grc' dir='ltr'><strong><em>τὸ</em></strong></span> <span class='ocrx_word' id='word_1_182' title='bbox 456 2269 529 2327; x_wconf 82' lang='grc' dir='ltr'><strong><em>ἴσον</em></strong></span> <span class='ocrx_word' id='word_1_183' title='bbox 555 2264 638 2349; x_wconf 82' lang='grc' dir='ltr'><strong><em>πρὸς</em></strong></span> <span class='ocrx_word' id='word_1_184' title='bbox 660 2264 697 2328; x_wconf 89' lang='grc' dir='ltr'><strong><em>τὸ</em></strong></span> <span class='ocrx_word' id='word_1_185' title='bbox 727 2269 815 2348; x_wconf 85' lang='grc' dir='ltr'><strong><em>ίσον,</em></strong></span> <span class='ocrx_word' id='word_1_186' title='bbox 846 2273 913 2329; x_wconf 79' lang='grc' dir='ltr'><strong><em>τῶν</em></strong></span> <span class='ocrx_word' id='word_1_187' title='bbox 940 2260 1189 2348; x_wconf 79' lang='grc' dir='ltr'><strong><em>προειρημένων</em></strong></span> 
     </span>
     <span class='ocr_line' id='line_1_20' title="bbox 180 2366 1189 2454; baseline -0.001 -20"><span class='ocrx_word' id='word_1_188' title='bbox 180 2369 355 2454; x_wconf 79' lang='grc' dir='ltr'><strong><em>τμημάτων</em></strong></span> <span class='ocrx_word' id='word_1_189' title='bbox 378 2371 415 2435; x_wconf 88' lang='grc' dir='ltr'><strong><em>τὸ</em></strong></span> <span class='ocrx_word' id='word_1_190' title='bbox 433 2366 494 2454; x_wconf 73' lang='grc' dir='ltr'><strong><em>μὲν</em></strong></span> <span class='ocrx_word' id='word_1_191' title='bbox 512 2373 621 2453; x_wconf 79' lang='grc' dir='ltr'><strong><em>μεῖζον</em></strong></span> <span class='ocrx_word' id='word_1_192' title='bbox 643 2367 799 2454; x_wconf 88' lang='grc' dir='ltr'><strong><em>με’γιστον</em></strong></span> <span class='ocrx_word' id='word_1_193' title='bbox 822 2371 911 2434; x_wconf 83' lang='grc' dir='ltr'><strong><em>ἔσται</em></strong></span> <span class='ocrx_word' id='word_1_194' title='bbox 933 2379 1001 2434; x_wconf 84' lang='grc' dir='ltr'><strong><em>τῶν</em></strong></span> <span class='ocrx_word' id='word_1_195' title='bbox 1019 2368 1189 2454; x_wconf 80' lang='grc' dir='ltr'><strong><em>τεσσάρων</em></strong></span> 
     </span>
    </p>

    <p class='ocr_par' dir='ltr' id='par_1_10' title="bbox 128 2472 1134 2562">
     <span class='ocr_line' id='line_1_21' title="bbox 128 2472 1134 2562; baseline 0.003 -25"><span class='ocrx_word' id='word_1_196' title='bbox 128 2488 162 2538; x_wconf 77' lang='lat'><strong><em>20</em></strong></span> <span class='ocrx_word' id='word_1_197' title='bbox 180 2477 371 2562; x_wconf 80' lang='grc' dir='ltr'><strong><em>τμημάτων,</em></strong></span> <span class='ocrx_word' id='word_1_198' title='bbox 394 2477 431 2541; x_wconf 90' lang='grc' dir='ltr'><strong><em>τὸ</em></strong></span> <span class='ocrx_word' id='word_1_199' title='bbox 455 2472 492 2540; x_wconf 73' lang='grc' dir='ltr'><strong><em>δὲ</em></strong></span> <span class='ocrx_word' id='word_1_200' title='bbox 515 2479 650 2541; x_wconf 76' lang='grc' dir='ltr'><strong><em>ἔλαττον</em></strong></span> <span class='ocrx_word' id='word_1_201' title='bbox 673 2475 845 2560; x_wconf 80' lang='grc' dir='ltr'><strong><em>ἐλάχιστον</em></strong></span> <span class='ocrx_word' id='word_1_202' title='bbox 867 2485 934 2540; x_wconf 80' lang='grc' dir='ltr'><strong><em>τῶν</em></strong></span> <span class='ocrx_word' id='word_1_203' title='bbox 956 2476 1134 2560; x_wconf 85' lang='grc' dir='ltr'><strong><em>τεσσάρων.</em></strong></span> 
     </span>
    </p>

    <p class='ocr_par' dir='ltr' id='par_1_11' title="bbox 180 2580 1190 2988">
     <span class='ocr_line' id='line_1_22' title="bbox 248 2580 1188 2668; baseline -0.003 -19"><span class='ocrx_word' id='word_1_204' title='bbox 248 2587 329 2649; x_wconf 80' lang='grc' dir='ltr'><strong><em>ἔστω</em></strong></span> <span class='ocrx_word' id='word_1_205' title='bbox 354 2584 415 2647; x_wconf 76' lang='grc' dir='ltr'><strong><em>δύο</em></strong></span> <span class='ocrx_word' id='word_1_206' title='bbox 439 2581 563 2668; x_wconf 83' lang='grc' dir='ltr'><strong><em>μεγέθη</em></strong></span> <span class='ocrx_word' id='word_1_207' title='bbox 592 2589 646 2648; x_wconf 84' lang='grc' dir='ltr'><strong><em>ίσοι</em></strong></span> <span class='ocrx_word' id='word_1_208' title='bbox 669 2583 709 2647; x_wconf 85' lang='grc' dir='ltr'><strong><em>τά</em></strong></span> <span class='ocrx_word' id='word_1_209' title='bbox 732 2586 812 2666; x_wconf 86' lang='grc' dir='ltr'><strong><em>ΑΒ,</em></strong></span> <span class='ocrx_word' id='word_1_210' title='bbox 833 2585 907 2666; x_wconf 91' lang='grc' dir='ltr'><strong><em>ΓΔ,</em></strong></span> <span class='ocrx_word' id='word_1_211' title='bbox 933 2580 988 2646; x_wconf 82' lang='grc' dir='ltr'><strong><em>καὶ</em></strong></span> <span class='ocrx_word' id='word_1_212' title='bbox 1014 2583 1188 2668; x_wconf 80' lang='grc' dir='ltr'><strong><em>διηρῆσθω</em></strong></span> 
     </span>
     <span class='ocr_line' id='line_1_23' title="bbox 181 2684 1190 2776; baseline -0.004 -21"><span class='ocrx_word' id='word_1_213' title='bbox 181 2693 217 2756; x_wconf 86' lang='grc' dir='ltr'><strong><em>τὸ</em></strong></span> <span class='ocrx_word' id='word_1_214' title='bbox 241 2687 301 2774; x_wconf 71' lang='grc' dir='ltr'><strong><em>μὲν</em></strong></span> <span class='ocrx_word' id='word_1_215' title='bbox 324 2693 388 2753; x_wconf 91' lang='grc' dir='ltr'><strong><em>ΑΒ</em></strong></span> <span class='ocrx_word' id='word_1_216' title='bbox 419 2698 464 2776; x_wconf 74' lang='grc' dir='ltr'><strong><em>τῷ</em></strong></span> <span class='ocrx_word' id='word_1_217' title='bbox 488 2693 532 2773; x_wconf 91' lang='grc' dir='ltr'><strong><em>Ε,</em></strong></span> <span class='ocrx_word' id='word_1_218' title='bbox 558 2690 595 2754; x_wconf 87' lang='grc' dir='ltr'><strong><em>τὸ</em></strong></span> <span class='ocrx_word' id='word_1_219' title='bbox 619 2685 656 2752; x_wconf 74' lang='lat'><strong><em>66</em></strong></span> <span class='ocrx_word' id='word_1_220' title='bbox 680 2691 740 2752; x_wconf 83' lang='grc' dir='ltr'><strong><em>ΓΔ</em></strong></span> <span class='ocrx_word' id='word_1_221' title='bbox 762 2697 808 2775; x_wconf 74' lang='grc' dir='ltr'><strong><em>τῷ</em></strong></span> <span class='ocrx_word' id='word_1_222' title='bbox 834 2692 875 2770; x_wconf 91' lang='grc' dir='ltr'><strong><em>Ζ,</em></strong></span> <span class='ocrx_word' id='word_1_223' title='bbox 903 2690 985 2752; x_wconf 75' lang='grc' dir='ltr'><strong><em>ε”στω</em></strong></span> <span class='ocrx_word' id='word_1_224' title='bbox 1008 2684 1045 2752; x_wconf 74' lang='grc' dir='ltr'><strong><em>δὲ</em></strong></span> <span class='ocrx_word' id='word_1_225' title='bbox 1067 2689 1104 2752; x_wconf 90' lang='grc' dir='ltr'><strong><em>τὸ</em></strong></span> <span class='ocrx_word' id='word_1_226' title='bbox 1128 2685 1190 2772; x_wconf 79' lang='grc' dir='ltr'><strong><em>μὲν</em></strong></span> 
     </span>
     <span class='ocr_line' id='line_1_24' title="bbox 180 2791 1190 2879; baseline -0.002 -19"><span class='ocrx_word' id='word_1_227' title='bbox 180 2801 249 2860; x_wconf 90' lang='grc' dir='ltr'><strong><em>ΑΕ</em></strong></span> <span class='ocrx_word' id='word_1_228' title='bbox 269 2805 329 2861; x_wconf 85' lang='grc' dir='ltr'><strong><em>τοῦ</em></strong></span> <span class='ocrx_word' id='word_1_229' title='bbox 352 2800 416 2860; x_wconf 93' lang='grc' dir='ltr'><strong><em>ΕΒ</em></strong></span> <span class='ocrx_word' id='word_1_230' title='bbox 440 2799 564 2879; x_wconf 76' lang='grc' dir='ltr'><strong><em>μεῖξον,</em></strong></span> <span class='ocrx_word' id='word_1_231' title='bbox 591 2797 628 2860; x_wconf 92' lang='grc' dir='ltr'><strong><em>τὸ</em></strong></span> <span class='ocrx_word' id='word_1_232' title='bbox 652 2791 689 2858; x_wconf 72' lang='grc' dir='ltr'><strong><em>δὲ</em></strong></span> <span class='ocrx_word' id='word_1_233' title='bbox 713 2797 774 2858; x_wconf 91' lang='grc' dir='ltr'><strong><em>ΓΖ</em></strong></span> <span class='ocrx_word' id='word_1_234' title='bbox 800 2803 859 2858; x_wconf 87' lang='grc' dir='ltr'><strong><em>τοῦ</em></strong></span> <span class='ocrx_word' id='word_1_235' title='bbox 885 2799 949 2858; x_wconf 92' lang='lat' dir='ltr'><em>ZA</em></span> <span class='ocrx_word' id='word_1_236' title='bbox 975 2796 1019 2878; x_wconf 83' lang='grc' dir='ltr'><strong><em>μη</em></strong></span> <span class='ocrx_word' id='word_1_237' title='bbox 1043 2797 1190 2878; x_wconf 80' lang='grc' dir='ltr'><strong><em>ἔλαττον,</em></strong></span> 
     </span>
     <span class='ocr_line' id='line_1_25' title="bbox 181 2902 1190 2988; baseline -0.001 -22"><span class='ocrx_word' id='word_1_238' title='bbox 181 2903 263 2966; x_wconf 78' lang='grc' dir='ltr'><strong><em>ὥστε</em></strong></span> <span class='ocrx_word' id='word_1_239' title='bbox 282 2903 318 2966; x_wconf 89' lang='grc' dir='ltr'><strong><em>τὸ</em></strong></span> <span class='ocrx_word' id='word_1_240' title='bbox 333 2907 402 2965; x_wconf 91' lang='grc' dir='ltr'><strong><em>ΑΕ</em></strong></span> <span class='ocrx_word' id='word_1_241' title='bbox 417 2903 500 2988; x_wconf 81' lang='grc' dir='ltr'><strong><em>πρὸς</em></strong></span> <span class='ocrx_word' id='word_1_242' title='bbox 516 2907 578 2966; x_wconf 91' lang='grc' dir='ltr'><strong><em>ΕΒ</em></strong></span> <span class='ocrx_word' id='word_1_243' title='bbox 597 2905 728 2985; x_wconf 82' lang='grc' dir='ltr'><strong><em>μείζονά</em></strong></span> <span class='ocrx_word' id='word_1_244' title='bbox 746 2903 847 2982; x_wconf 78' lang='grc' dir='ltr'><strong><em>λόγον</em></strong></span> <span class='ocrx_word' id='word_1_245' title='bbox 865 2903 951 2984; x_wconf 78' lang='grc' dir='ltr'><strong><em>ἔχειν</em></strong></span> <span class='ocrx_word' id='word_1_246' title='bbox 969 2902 1050 2987; x_wconf 79' lang='grc' dir='ltr'><strong><em>ἥπερ</em></strong></span> <span class='ocrx_word' id='word_1_247' title='bbox 1069 2903 1106 2966; x_wconf 86' lang='grc' dir='ltr'><strong><em>τὸ</em></strong></span> <span class='ocrx_word' id='word_1_248' title='bbox 1127 2904 1190 2966; x_wconf 91' lang='grc' dir='ltr'><strong><em>ΓΖ</em></strong></span> 
     </span>
    </p>

    <p class='ocr_par' dir='ltr' id='par_1_12' title="bbox 127 3006 1190 3198">
     <span class='ocr_line' id='line_1_26' title="bbox 127 3006 1190 3094; baseline 0.005 -27"><span class='ocrx_word' id='word_1_249' title='bbox 127 3019 162 3068; x_wconf 75' lang='lat'><strong><em>25</em></strong></span> <span class='ocrx_word' id='word_1_250' title='bbox 181 3009 263 3094; x_wconf 86' lang='grc' dir='ltr'><strong><em>πρὸς</em></strong></span> <span class='ocrx_word' id='word_1_251' title='bbox 286 3009 323 3072; x_wconf 89' lang='grc' dir='ltr'><strong><em>τὸ</em></strong></span> <span class='ocrx_word' id='word_1_252' title='bbox 344 3012 418 3071; x_wconf 93' lang='lat' dir='ltr'><em>ZA.</em></span> <span class='ocrx_word' id='word_1_253' title='bbox 455 3006 549 3092; x_wconf 76' lang='grc' dir='ltr'><strong><em>λέγω,</em></strong></span> <span class='ocrx_word' id='word_1_254' title='bbox 573 3009 710 3072; x_wconf 79' lang='grc' dir='ltr'><strong><em>ὅτιτῶν</em></strong></span> <span class='ocrx_word' id='word_1_255' title='bbox 728 3012 804 3090; x_wconf 89' lang='grc' dir='ltr'><strong><em>ΑΕ,</em></strong></span> <span class='ocrx_word' id='word_1_256' title='bbox 823 3011 896 3091; x_wconf 90' lang='grc' dir='ltr'><strong><em>ΕΒ,</em></strong></span> <span class='ocrx_word' id='word_1_257' title='bbox 916 3011 987 3092; x_wconf 92' lang='grc' dir='ltr'><strong><em>ΓΖ,</em></strong></span> <span class='ocrx_word' id='word_1_258' title='bbox 1008 3011 1074 3072; x_wconf 92' lang='lat' dir='ltr'><em>ZA</em></span> <span class='ocrx_word' id='word_1_259' title='bbox 1097 3031 1190 3091; x_wconf 89' lang='grc' dir='ltr'><strong><em>μεγε-</em></strong></span> 
     </span>
     <span class='ocr_line' id='line_1_27' title="bbox 181 3111 1188 3198; baseline -0.001 -19"><span class='ocrx_word' id='word_1_260' title='bbox 181 3120 255 3179; x_wconf 84' lang='grc' dir='ltr'><strong><em>θῶν</em></strong></span> <span class='ocrx_word' id='word_1_261' title='bbox 277 3111 431 3198; x_wconf 82' lang='grc' dir='ltr'><strong><em>μέγιστον</em></strong></span> <span class='ocrx_word' id='word_1_262' title='bbox 458 3112 519 3197; x_wconf 80' lang='grc' dir='ltr'><strong><em>μέν</em></strong></span> <span class='ocrx_word' id='word_1_263' title='bbox 542 3113 669 3180; x_wconf 72' lang='grc' dir='ltr'><strong><em>ἔστιτὸ</em></strong></span> <span class='ocrx_word' id='word_1_264' title='bbox 693 3119 773 3198; x_wconf 90' lang='grc' dir='ltr'><strong><em>ΑΕ,</em></strong></span> <span class='ocrx_word' id='word_1_265' title='bbox 802 3113 973 3198; x_wconf 83' lang='grc' dir='ltr'><strong><em>ἐλάχιστον</em></strong></span> <span class='ocrx_word' id='word_1_266' title='bbox 996 3111 1032 3178; x_wconf 75' lang='grc' dir='ltr'><strong><em>δὲ</em></strong></span> <span class='ocrx_word' id='word_1_267' title='bbox 1054 3115 1091 3180; x_wconf 89' lang='grc' dir='ltr'><strong><em>τὸ</em></strong></span> <span class='ocrx_word' id='word_1_268' title='bbox 1114 3119 1188 3178; x_wconf 88' lang='grc' dir='ltr'><strong><em>ΒΕ.</em></strong></span> 
     </span>
    </p>

    <p class='ocr_par' dir='ltr' id='par_1_13' title="bbox 183 3218 1193 3414">
     <span class='ocr_line' id='line_1_28' title="bbox 248 3218 1189 3306; baseline 0 -20"><span class='ocrx_word' id='word_1_269' title='bbox 248 3218 317 3286; x_wconf 77' lang='grc' dir='ltr'><strong><em>ἐπεὶ</em></strong></span> <span class='ocrx_word' id='word_1_270' title='bbox 339 3221 376 3285; x_wconf 93' lang='grc' dir='ltr'><strong><em>τὸ</em></strong></span> <span class='ocrx_word' id='word_1_271' title='bbox 400 3225 469 3284; x_wconf 90' lang='grc' dir='ltr'><strong><em>ΑΕ</em></strong></span> <span class='ocrx_word' id='word_1_272' title='bbox 489 3221 571 3306; x_wconf 85' lang='grc' dir='ltr'><strong><em>πρὸς</em></strong></span> <span class='ocrx_word' id='word_1_273' title='bbox 593 3225 656 3284; x_wconf 93' lang='grc' dir='ltr'><strong><em>ΕΒ</em></strong></span> <span class='ocrx_word' id='word_1_274' title='bbox 680 3224 811 3305; x_wconf 81' lang='grc' dir='ltr'><strong><em>μείζονα</em></strong></span> <span class='ocrx_word' id='word_1_275' title='bbox 834 3224 935 3303; x_wconf 82' lang='grc' dir='ltr'><strong><em>λόγον</em></strong></span> <span class='ocrx_word' id='word_1_276' title='bbox 958 3224 1023 3304; x_wconf 79' lang='grc' dir='ltr'><strong><em>ἔχει</em></strong></span> <span class='ocrx_word' id='word_1_277' title='bbox 1045 3221 1127 3306; x_wconf 83' lang='grc' dir='ltr'><strong><em>ἥπερ</em></strong></span> <span class='ocrx_word' id='word_1_278' title='bbox 1151 3223 1189 3286; x_wconf 91' lang='grc' dir='ltr'><strong><em>τὸ</em></strong></span> 
     </span>
     <span class='ocr_line' id='line_1_29' title="bbox 183 3325 1193 3414; baseline -0.001 -21"><span class='ocrx_word' id='word_1_279' title='bbox 183 3332 244 3394; x_wconf 92' lang='grc' dir='ltr'><strong><em>ΓΖ</em></strong></span> <span class='ocrx_word' id='word_1_280' title='bbox 270 3329 353 3414; x_wconf 87' lang='grc' dir='ltr'><strong><em>πρὸς</em></strong></span> <span class='ocrx_word' id='word_1_281' title='bbox 382 3331 462 3410; x_wconf 85' lang='grc' dir='ltr'><strong><em>ΖΛ,</em></strong></span> <span class='ocrx_word' id='word_1_282' title='bbox 495 3325 550 3391; x_wconf 83' lang='grc' dir='ltr'><strong><em>καὶ</em></strong></span> <span class='ocrx_word' id='word_1_283' title='bbox 577 3326 736 3392; x_wconf 85' lang='grc' dir='ltr'><strong><em>συνθέντι</em></strong></span> <span class='ocrx_word' id='word_1_284' title='bbox 768 3329 831 3414; x_wconf 86' lang='grc' dir='ltr'><strong><em>άροι</em></strong></span> <span class='ocrx_word' id='word_1_285' title='bbox 858 3329 895 3392; x_wconf 87' lang='grc' dir='ltr'><strong><em>τὸ</em></strong></span> <span class='ocrx_word' id='word_1_286' title='bbox 923 3332 988 3392; x_wconf 87' lang='grc' dir='ltr'><strong><em>ΑΒ</em></strong></span> <span class='ocrx_word' id='word_1_287' title='bbox 1016 3329 1099 3412; x_wconf 87' lang='grc' dir='ltr'><strong><em>πρὸς</em></strong></span> <span class='ocrx_word' id='word_1_288' title='bbox 1126 3331 1193 3392; x_wconf 87' lang='grc' dir='ltr'><strong><em>ΒΕ</em></strong></span> 
     </span>
    </p>
   </div>
   <div class='ocr_carea' id='block_1_8' title="bbox 182 3481 1190 3626">
    <p class='ocr_par' dir='ltr' id='par_1_14' title="bbox 182 3481 1190 3626">
     <span class='ocr_line' id='line_1_30' title="bbox 253 3481 1189 3556; baseline -0.001 -18"><span class='ocrx_word' id='word_1_289' title='bbox 253 3491 277 3539; x_wconf 80' lang='grc'><strong><em>5.</em></strong></span> <span class='ocrx_word' id='word_1_290' title='bbox 298 3485 374 3556; x_wconf 78' lang='grc' dir='ltr'><strong><em>ἐπεί]</em></strong></span> <span class='ocrx_word' id='word_1_291' title='bbox 394 3483 454 3538; x_wconf 78' lang='grc' dir='ltr'><strong><em>ἐπεὶ</em></strong></span> <span class='ocrx_word' id='word_1_292' title='bbox 473 3481 525 3554; x_wconf 81' lang='grc' dir='ltr'><strong><em>γάρ</em></strong></span> <span class='ocrx_word' id='word_1_293' title='bbox 543 3503 570 3553; x_wconf 90' lang='lat' dir='ltr'><strong><em>p.</em></strong></span> <span class='ocrx_word' id='word_1_294' title='bbox 644 3491 667 3539; x_wconf 86' lang='lat'><strong><em>6.</em></strong></span> <span class='ocrx_word' id='word_1_295' title='bbox 686 3493 735 3539; x_wconf 82' lang='grc' dir='ltr'><strong><em>τοῦ</em></strong></span> <span class='ocrx_word' id='word_1_296' title='bbox 754 3485 816 3555; x_wconf 80' lang='grc' dir='ltr'><strong><em>τοῦ]</em></strong></span> <span class='ocrx_word' id='word_1_297' title='bbox 836 3483 943 3554; x_wconf 79' lang='lat' dir='ltr'>scripsi,</span> <span class='ocrx_word' id='word_1_298' title='bbox 961 3492 1010 3538; x_wconf 80' lang='grc' dir='ltr'><strong><em>τοῦ</em></strong></span> <span class='ocrx_word' id='word_1_299' title='bbox 1030 3484 1107 3553; x_wconf 84' lang='lat' dir='ltr'><strong><em>ch.</em></strong></span> <span class='ocrx_word' id='word_1_300' title='bbox 1164 3489 1189 3538; x_wconf 90' lang='lat'><strong><em>8.</em></strong></span> 
     </span>
     <span class='ocr_line' id='line_1_31' title="bbox 182 3553 1190 3626; baseline 0 -17"><span class='ocrx_word' id='word_1_301' title='bbox 182 3553 267 3626; x_wconf 76' lang='grc' dir='ltr'><strong><em>ἐστίν]</em></strong></span> <span class='ocrx_word' id='word_1_302' title='bbox 287 3553 342 3610; x_wconf 83' lang='grc' dir='ltr'><strong><em>ἐστί</em></strong></span> <span class='ocrx_word' id='word_1_303' title='bbox 360 3575 386 3625; x_wconf 91' lang='lat' dir='ltr'><strong><em>p.</em></strong></span> <span class='ocrx_word' id='word_1_304' title='bbox 442 3563 491 3609; x_wconf 81' lang='grc' dir='ltr'><strong><em>τοῦ</em></strong></span> <span class='ocrx_word' id='word_1_305' title='bbox 510 3553 572 3626; x_wconf 78' lang='grc' dir='ltr'><strong><em>μέν]</em></strong></span> <span class='ocrx_word' id='word_1_306' title='bbox 593 3555 691 3609; x_wconf 79' lang='lat' dir='ltr'><strong>debuit</strong></span> <span class='ocrx_word' id='word_1_307' title='bbox 708 3555 765 3608; x_wconf 84' lang='lat' dir='ltr'>dici</span> <span class='ocrx_word' id='word_1_308' title='bbox 782 3563 832 3610; x_wconf 83' lang='grc' dir='ltr'><strong><em>τοῦ</em></strong></span> <span class='ocrx_word' id='word_1_309' title='bbox 851 3553 901 3624; x_wconf 73' lang='grc' dir='ltr'><strong><em>μὲν</em></strong></span> <span class='ocrx_word' id='word_1_310' title='bbox 919 3563 985 3609; x_wconf 78' lang='grc' dir='ltr'><strong><em>τοῦ,</em></strong></span> <span class='ocrx_word' id='word_1_311' title='bbox 1060 3561 1100 3609; x_wconf 89' lang='grc'><strong><em>13.</em></strong></span> <span class='ocrx_word' id='word_1_312' title='bbox 1122 3553 1190 3623; x_wconf 77' lang='grc' dir='ltr'><strong><em>ὅπερ</em></strong></span> 
     </span>
    </p>
   </div>
   <div class='ocr_carea' id='block_1_9' title="bbox 0 0 1305 3878">
    <p class='ocr_par' dir='ltr' id='par_1_15' title="bbox 0 0 1305 3878">
     <span class='ocr_line' id='line_1_32' title="bbox 0 0 1305 3878; baseline 0 0"><span class='ocrx_word' id='word_1_313' title='bbox 0 0 1305 3878; x_wconf 95' lang='lat' dir='ltr'><strong><em> </em></strong></span> 
     </span>
    </p>
   </div>
  </div>
 </body>
</html>
