2574 3882
494 226 710 282 PRAEFATIO.
1031 227 1109 283 XVII

574 371 632 437 III.

161 479 280 544 Sereno
295 479 436 564 patriam
450 479 594 544 restituit
609 481 794 545 coniectura
807 479 962 548 facillima
971 477 1109 565 (Biblio-

95 588 191 653 theca
218 585 450 651 mathematica
481 588 564 652 1894
592 610 622 671 p.
646 588 704 668 97)
733 585 923 662 Ἀντινοέως
949 607 1108 671 reponens

94 715 155 780 pro
188 697 342 778 corrupto
376 691 554 770 ἀντινσέως
587 694 623 756 in
658 693 897 778 subscriptione
918 692 1050 758 'codicis
1077 692 1108 757 V

95 825 126 886 p.
148 803 228 885 116,
256 801 342 884 quod
369 801 476 864 solum
503 801 660 864 habemus
683 800 908 865 testimonium
932 799 1108 885 genuinum
1153 873 1156 880 ,

96 906 268 994 (ἄντινέως
289 931 311 992 p
334 907 369 970 iu
388 907 486 971 titulo
508 931 538 992 p.
557 905 642 992 120).
677 907 832 972 oriundus
855 905 957 991 igitur
980 910 1051 970 erat
1070 928 1109 970 ex

95 1015 271 1078 Antinoeis
295 1014 363 1078 siue
382 1011 597 1099 Antinoupoli
616 1015 695 1078 urbe
714 1012 858 1099 Aegypti
881 1013 922 1076 ab
941 1011 1108 1077 Hadriano

96 1121 234 1186 condita.
269 1143 333 1204 qua
351 1143 385 1184 re
404 1141 601 1206 magnopere
626 1121 836 1184 confirmatur
855 1118 996 1203 suspicio
1015 1117 1109 1183 Pauli

96 1227 246 1312 Tannery
279 1228 317 1291 de
350 1231 457 1291 aetate
491 1225 638 1310 Sereni,A
654 1226 710 1310 qui
745 1231 919 1310 praeeunte
951 1224 1109 1290 Michaele

96 1331 230 1398 Chasles
258 1331 468 1414 (Geschichte
496 1333 553 1396 der
577 1331 760 1397 Geometrie
788 1356 817 1416 p.
841 1330 900 1419 44)
928 1355 1001 1396 eum
1024 1331 1110 1395 inter

95 1439 244 1524 Pappum
262 1437 491 1523 Thoonemque
509 1439 630 1525 posuit,
648 1439 679 1504 h.
691 1461 716 1504 e.
736 1439 865 1504 saeculo
882 1438 930 1504 IV
950 1437 1109 1524 (Bullatin

97 1547 154 1610 des
178 1543 327 1609 Sciences
351 1545 623 1630 mathematiques
651 1551 684 1610 et
713 1546 972 1630 astronomiques
998 1542 1108 1632 1883).

94 1651 171 1716 huie
194 1650 335 1736 tempori
358 1652 479 1736 optime
503 1653 655 1718 conuenit
683 1657 716 1718 et
743 1675 849 1718 senno
883 1653 950 1716 iam
978 1652 1018 1716 ab
1047 1674 1109 1716 usu

94 1763 243 1822 ueterum
260 1758 563 1824 mathematicorum
578 1760 751 1825 deflectens
771 1757 805 1846 (ἡ
820 1765 852 1824 Α
871 1762 976 1842 γωνία
994 1782 1023 1842 p.
1037 1760 1108 1842 122,

95 1867 153 1949 24;
189 1866 260 1946 198,
285 1866 340 1950 133
372 1864 389 1930 ὁ
417 1871 450 1930 Α
476 1867 603 1943 κύκλος·
623 1889 653 1950 p.
679 1867 752 1950 276,
778 1867 1018 1952 10;.278,12;
1052 1864 1107 1928 cfr.

96 1995 128 2056 p.
150 1972 227 2056 160,
251 1972 270 2036 8
295 1975 328 2036 et
350 1976 448 2036 notae
471 1997 501 2057 p.
522 1973 595 2057 155,
623 1972 699 2054 165)
729 1977 761 2037 et
789 1995 841 2037 res
870 1974 911 2036 ab
940 1993 978 2036 eo
1003 1993 1108 2054 neque

96 2077 177 2142 satis
206 2078 371 2143 subtiliter
399 2076 443 2166 (u.
467 2079 617 2144 Helleius
640 2102 670 2163 p.
695 2081 752 2164 68)
780 2101 840 2145 nec
868 2101 995 2163 semper
1022 2084 1109 2146 recte

96 2181 277 2271 (1111157
302 2190 369 2250 not.
390 2187 424 2270 2)
453 2190 621 2251 tractatae.
669 2187 800 2250 omnino
825 2209 927 2272 error,
955 2209 1051 2271 quem
1073 2187 1108 2251 in

95 2289 203 2372 priore
228 2293 383 2377 opusculo
408 2291 453 2378 (p.
472 2295 503 2379 2,
527 2292 641 2378 3sqq.)
664 2293 850 2380 impugnat,
880 2298 952 2359 tum
980 2295 1109 2359 demum

97 2396 176 2461 oriri
208 2399 330 2484 potuit,
364 2423 438 2465 oum
469 2398 680 2465 Archimedes
713 2399 802 2487 (περὶ
830 2403 978 2466 revoat.
1007 2399 1042 2488 9)
1076 2405 1109 2465 et

95 2503 290 2588 Apollonius
308 2527 375 2570 non
393 2506 460 2570 iam
478 2507 559 2572 satis
573 2507 840 2592 intellegerentur
854 2507 924 2591 (cfr.
939 2530 969 2591 p.
979 2506 1032 2592 52,
1041 2505 1109 2594 25).

96 2611 135 2675 de
150 2610 289 2675 Pithone
310 2617 475 2696 geometra
494 2613 561 2678 cius
582 2613 686 2678 amico
702 2611 745 2699 (p.
757 2614 809 2698 96,
821 2616 872 2699 14,
882 2611 939 2700 22)
960 2612 1109 2698 Cyroque

96 2716 142 2804 (p.
161 2718 192 2800 2,
211 2720 246 2802 2,
271 2718 343 2800 120,
363 2716 397 2802 2)
420 2719 503 2782 nihil
525 2723 649 2783 notum.

164 2823 227 2887 duo
256 2824 411 2908 opuscula
440 2823 551 2889 Sereni
580 2825 649 2890 sine
677 2826 776 2891 dubio
805 2827 872 2891 ianr
899 2827 973 2892 inde
1000 2850 1019 2892 a
1043 2850 1109 2892 sae-

96 2931 170 2996 culo
194 2929 259 2995 VII
289 2928 333 3016 (u.
356 2931 507 3014 Apollon.
531 2930 563 2996 H
589 2953 620 3016 p.
642 2931 733 3021 LVI)
760 2939 895 3018 propter
921 2957 1027 2998 rerum
1057 2936 1109 2999 ad·

95 3037 259 3102 finitatem
274 3059 347 3102 cum
357 3037 489 3102 Eutocii
503 3038 643 3103 editione
654 3037 849 3106 (lonicorum
859 3041 1025 3124 Apollonii
1036 3064 1109 3106 oon-

95 3144 316 3230 iungebantur
337 3147 369 3207 et
387 3143 435 3208 ita
453 3144 493 3208 ad
510 3167 570 3210 nos
589 3152 813 3231 peruenerunt.
846 3169 919 3212 eum
933 3147 1107 3232 Apollonio

97 3251 306 3315 coniunctum
335 3273 408 3315 eum
435 3250 517 3336 legit
544 3251 732 3318 Theodorus
758 3254 938 3319 Metochita
965 3252 1107 3341 (Sathas

97 3361 266 3422 Μεοαιων.
284 3360 430 3440 βιβλιοθ.
449 3356 466 3420 Ι
489 3381 519 3441 p.
537 3357 595 3444 pe':
617 3357 840 3426 Ἀπολλωνίου
858 3369 918 3424 τοῦ
938 3363 1107 3445 Περγοίου
1229 3432 1233 3438 ,

97 3465 221 3528 nocente
329 3462 385 3529 καὶ
408 3465 562 3547 Σερήνου
585 3467 781 3553 collectore&
804 3465 933 3552 μάλιστ’
960 3466 1107 3550 {nocuos

98 3567 180 3657 μοι),
202 3569 342 3636 fortasse
366 3570 493 3656 inipso
518 3572 626 3638 codice
648 3597 670 3658 p
699 3569 862 3662 (Apollon.
881 3571 915 3636 II
944 3595 973 3656 p.
992 3569 1105 3658 LXX).

927 3677 946 3729 b

149 3683 273 3726 Serenus
287 3683 491 3739 AnttuoensIs,
506 3687 540 3727 ed.
554 3687 663 3738 Heiborg.
