2574 3882
393 219 443 268 DE
462 216 639 268 SEOTIONE
659 215 838 269 GYLINDRI.
1102 212 1122 274 5

111 364 254 445 oportet,
291 361 347 425 sed
383 359 691 446 comprehendentes
728 359 828 424 etiam
860 358 1029 441 obliquum
1062 357 1124 421 dis-

111 467 320 549 quisitionem
356 467 456 532 latius
493 467 672 530 extendere.
725 488 802 530 nam
834 465 996 530 neminem
1028 464 1123 529 facile

110 572 327 637 admissurum
351 594 431 656 esse,
452 594 519 637 non
542 593 672 637 omnem
695 572 877 656 cylindrum
900 576 1025 636 rectum
1045 593 1124 654 esre,

109 679 242 743 notione
281 678 385 763 [Eucl.
417 678 477 759 XI,
498 679 558 743 def.
591 678 648 763 21]
690 679 752 743 hoc
790 700 899 742 secum
937 678 1124 762 adducente,

110 786 258 870 equidem
291 791 377 852 certe
409 808 474 850 non
505 786 635 871 ignor03
667 808 781 850 uerum
808 785 974 849 enimuero
1003 785 1123 869 disqui-

111 893 239 958 sitionis
273 915 371 958 causa
403 892 519 956 melius
552 914 622 957 esse
650 897 730 976 puto
759 892 947 957 definitione
975 892 1024 956 uti
1051 892 1123 956 uni-

111 999 299 1083 uersaliore‚
337 999 491 1082 quoniam
528 1004 617 1064 recto
655 1021 693 1063 eo
726 1004 877 1064 manente
910 999 1050 1083 eueniet,
1086 1005 1124 1062 ut

111 1106 209 1171 etiam
242 1106 343 1171 sectio
376 1105 483 1190 ellipsi
514 1107 596 1170 recti
624 1107 697 1170 coni
726 1105 787 1170 soli
815 1105 1024 1190 respondeat,
1055 1105 1125 1168 uni-

112 1214 287 1278 uersaliore
310 1235 388 1278 uero
412 1213 584 1297 supposita
607 1213 804 1297 definitione,
826 1217 864 1276 ut
887 1217 919 1276 et
942 1212 1015 1295 ipsa
1036 1211 1124 1275 omni

112 1320 220 1405 ellipsi
234 1320 437 1403 respondeat,
457 1318 543 1402 quod
559 1318 688 1402 quidem
701 1319 809 1402 ipsum
823 1323 861 1382 ut
875 1319 1125 1404 demonstretur,

111 1426 187 1491 huic
210 1426 295 1490 libro
315 1429 365 1490 est
383 1424 596 1509 propositum.
633 1425 884 1510 adgrediendum
902 1425 1014 1510 igitur,
1037 1425 1123 1509 quod

112 1531 318 1616 propositum
342 1535 406 1616 est,
427 1531 479 1595 his
503 1531 657 1595 definitis:

181 1669 207 1729 1.
256 1665 284 1729 si
336 1665 542 1729 manentibus
589 1664 715 1728 duobus
761 1664 889 1730 circulis
936 1664 1125 1748 aequalibus

111 1769 339 1857 parallelisque
385 1770 535 1834 diametri
578 1792 705 1854 semper
745 1771 919 1854 parallelae
961 1777 993 1836 et
1033 1771 1124 1855 ipsae

113 1878 327 1943 circumactae
368 1877 403 1940 in
443 1876 549 1962 planis
590 1877 783 1942 circulorum
820 1878 942 1943 circum
979 1882 1125 1941 centrum

113 2005 246 2048 manens
275 1987 308 2046 et
337 1983 594 2069 circumagentes
622 1987 745 2047 rectam
768 1985 925 2049 terminos
949 2005 1060 2049 eorum
1085 1983 1125 2046 ad

112 2091 241 2155 easdem
273 2095 383 2174 partes
410 2113 525 2154 uersus
553 2090 804 2174 coniungentem
831 2113 943 2154 rursus
972 2091 1012 2155 ad
1038 2090 1125 2154 idem

111 2201 269 2280 punctum
304 2198 536 2278 restituuntur,
574 2197 759 2281 superficies
791 2197 953 2281 descripta
985 2219 1004 2260 a
1035 2201 1125 2262 recta

113 2303 310 2368 circumacta
333 2301 569 2386 superficies
589 2302 804 2387 cylindrica
822 2309 967 2388 uocetur,
990 2304 1125 2387 quaein

110 2409 276 2474 infinitum
312 2409 447 2493 produci
484 2413 594 2493 potest
630 2414 718 2474 recta
753 2431 823 2474 eam
856 2409 1057 2474 describente
1091 2409 1125 2473 in

110 2515 276 2579 infinitum
298 2517 464 2600 producta.

180 2651 208 2713 2.
229 2649 426 2733 cylindrus
451 2653 559 2712 autem
582 2650 688 2734 figura
707 2648 939 2732 comprehensa
957 2670 976 2711 a
996 2648 1125 2713 circulis

112 2753 276 2838 parallelis
302 2759 335 2818 et
358 2755 527 2838 superficie
551 2755 726 2839 cylindrica
748 2755 834 2819 inter
856 2776 912 2819 eos
935 2756 1126 2842 intercepta,

113 2862 226 2925 bases
256 2865 365 2925 autem
393 2861 530 2946 cylindri
558 2861 669 2926 circuli
696 2862 759 2946 illi,
789 2861 870 2927 axis
899 2866 1008 2927 autem
1035 2868 1125 2928 recta

111 2990 169 3050 per
197 2972 308 3032 centra
335 2989 447 3032 eorum
475 2968 584 3052 ducta,
612 2969 715 3034 latus
747 2973 856 3034 autem
879 2970 1015 3054 cylindri
1038 2970 1125 3034 linea

113 3075 271 3157 quaedam
307 3079 409 3158 recta,
446 3096 528 3158 quae
564 3075 599 3138 in
636 3076 805 3162 superficie
843 3076 981 3161 cylindri
1017 3076 1125 3160 posita

113 3371 176 3441 περὶ
195 3373 300 3442 chp‚
331 3387 353 3414 ‘=·
374 3390 458 3443 supra
477 3375 541 3429 add.
561 3393 597 3429 m.
616 3391 670 3430 rec.
690 3376 723 3443 V,
752 3374 797 3428 cui
816 3375 897 3444 signo
916 3391 990 3427 nunc
1009 3373 1123 3441 quidem

112 3444 142 3496 in
160 3462 214 3514 mg.
234 3443 307 3497 nihil
325 3445 482 3513 respondet.
558 3453 598 3500 12.
619 3446 771 3516 μενόντων]
792 3446 903 3516 scripsi,
929 3443 979 3514 μὲν
999 3441 1050 3499 οὖν
1069 3454 1124 3499 τῶν

113 3515 168 3583 Vc,
187 3525 241 3570 τῶν
259 3535 285 3585 p.
361 3521 401 3570 13.
422 3514 517 3588 αὐταί]
538 3513 621 3571 αὗται
639 3517 672 3572 V.
747 3516 878 3587 19.-ἤτις]
900 3516 984 3578 εἴτις
1003 3533 1025 3570 c.
1081 3521 1123 3570 21.

113 3585 181 3640 Post
199 3595 289 3658 σχῆμα
308 3586 361 3641 del.
381 3587 412 3640 τὸ
431 3606 509 3654 rasore
528 3605 550 3643 c.
625 3593 666 3642 23.
686 3586 792 3658 βάσεις]
812 3607 843 3656 p,
868 3587 948 3658 βάσις
966 3588 1018 3641 Vc.
