2594 3878
441 231 491 280 na
511 230 687 282 anorroua
708 231 802 283 conr.
1065 231 1127 293 177

113 376 192 436 aunt
224 377 256 436 et
285 377 375 437 reeta
407 395 426 436 a
456 372 577 436 uertice
609 374 649 437 ad
680 379 837 458 punctum
870 375 1012 441 medium
1040 376 1127 441 basis

115 479 348 562 ductaeadem‚
368 479 897 566 etHAzAtl>FAzAA(nam
911 481 1129 570 FA=AA)‚

114 585 178 650 erit
206 585 240 652 Δ
255 589 327 649 HA
335 589 363 649 Θ
377 597 411 659 <
426 589 528 650 ΓΑΔ
556 585 664 672 [prop.
689 586 778 672 XX}
838 588 987 654 similiter
1019 594 1128 655 autem

113 692 366 778 demonstratur,
386 692 484 756 etiam
504 714 615 757 omnes
635 693 816 779 triangulos
835 717 893 780 per
907 718 999 760 axem
1013 697 1126 762 ductos

113 798 281 883 triangulo
308 802 410 863 ΓΑΔ
437 799 578 865 minores
607 822 686 865 esse.
737 823 814 887 ergo
838 805 941 866 ΑΓΔ
969 804 1128 868 maximus

113 908 167 969 est
183 905 327 969 omnium
341 905 580 992 triangulorum
596 929 654 991 per
669 929 761 972 axem
776 909 956 994 ductorum,
975 908 1127 974 minimus

114 1015 226 1076 autem
250 1017 362 1092 AEZ;
387 1013 564 1096 quoderat
588 1014 881 1080 demonstrandum.

183 1119 333 1183 similiter
365 1125 474 1184 autem
506 1121 761 1205 demonstratur,
794 1123 893 1186 etiam
925 1121 1127 1208 triangulum

113 1225 258 1290 maximo
281 1226 466 1312 propiorem
488 1227 663 1291 remotiore
687 1229 842 1292 maiorem
865 1251 944 1294 esse.

551 1497 556 1501 ·
573 1457 673 1522 XXV.

205 1581 244 1645 In
268 1582 343 1646 dato
366 1603 446 1646 cono
467 1581 595 1646 scaleno
620 1605 639 1646 a
657 1583 778 1648 uertice
803 1584 843 1648 ad
862 1583 1021 1650 ambitum
1039 1585 1127 1650 basis

114 1691 238 1752 rectam
248 1689 370 1772 ducere,
384 1688 424 1751 ad
439 1710 536 1771 quam
551 1689 692 1753 maxima
705 1690 865 1754 rationem
874 1689 995 1754 habeat
1005 1692 1114 1756 datam

116 1798 247 1878 oportet
265 1793 376 1878 igitur,
400 1795 508 1859 datam
527 1795 687 1859 rationem
707 1796 839 1860 maioris
858 1818 928 1860 esse
953 1798 992 1862 ad
1011 1798 1127 1883 minus,

116 1901 275 1964 minorem
300 1904 409 1964 autem
432 1923 502 1965 esse
526 1923 572 1986 ea,
596 1923 693 1984 quam
711 1901 811 1966 habet
834 1903 975 1967 maxima
992 1903 1027 1966 in
1046 1925 1128 1968 cono

115 2011 207 2072 recta
229 2008 270 2070 ad
293 2007 468 2072 minimam.

185 2114 279 2178 datus
308 2113 352 2178 sit
378 2135 491 2196 conus,
520 2114 610 2180 cuius
634 2115 722 2179 basis
747 2115 790 2180 sit
814 2115 951 2181 circulus
976 2119 1043 2181 ΒΓ
1064 2117 1130 2182 dia-

4 2203 5 2272 Ῠ
117 2225 304 2304 metrusque
328 2221 439 2285 circuli
463 2224 540 2304 ΒΓ,
567 2225 680 2286 uertex
708 2227 816 2286 autem
839 2229 872 2286 A
898 2227 1070 2308 punctum,
1098 2229 1132 2288 et

4 2321 5 2328 ἵ
120 2328 161 2392 ad
198 2327 354 2392 circulum
386 2329 454 2390 ΒΓ
484 2328 758 2412 perpendicularis
795 2329 977 2414 triangulus
1010 2335 1076 2394 AB
1083 2333 1128 2409 Γ;

118 2433 260 2497 maxima
282 2433 385 2518 igitur
407 2437 569 2497 rectarum
597 2456 616 2496 a
638 2434 759 2498 uertice
783 2434 857 2498 coni
885 2437 1055 2499 ductarum
1079 2441 1128 2500 est

118 2545 198 2623 BA,
225 2539 360 2603 minima
388 2543 496 2602 autem
523 2543 594 2603 ΑΓ
617 2538 721 2622 [prop.
744 2539 846 2624 XVI}
894 2541 960 2604 iam
989 2541 1032 2604 sit
1059 2563 1131 2626 pro-

117 2646 271 2731 positum,
294 2651 332 2710 ut
351 2646 392 2709 ab
405 2651 439 2710 A
458 2647 497 2709 ad
518 2645 676 2710 ambitum
696 2646 808 2711 circuli
827 2651 949 2711 rectam
968 2648 1130 2734 ducemne,

119 2752 160 2817 ad
188 2775 285 2836 quam
314 2756 380 2816 BA
411 2750 571 2815 rationem
603 2751 735 2834 habeat,
768 2773 864 2835 quam
896 2752 995 2817 habet
1027 2754 1130 2819 maior

118 2862 208 2923 recta
230 2863 263 2921 A
287 2857 327 2921 ad
350 2857 507 2921 minorem
530 2862 572 2942 E3
597 2857 640 2922 sit
663 2861 771 2922 autem
792 2863 1129 2932 A:E<BA:AF.

186 2964 322 3028 ducatur
350 2964 390 3028 ad
418 2966 485 3028 ΒΓ
507 2963 782 3048 perpendicularis
810 2969 842 3028 A
849 2968 889 3050 Z,
922 2966 1132 3050 producatur-

120 3093 182 3154 que
206 3073 322 3154 ΒΖΗ,
346 3075 379 3134 et
402 3075 439 3134 ut
456 3076 555 3156 ΛεΕ,
578 3071 625 3134 ita
648 3071 691 3135 sit
710 3075 776 3135 BA
800 3072 840 3136 ad
863 3071 961 3137 aliam
981 3073 1131 3160 aliquam,

120 3178 227 3260 sitque
242 3177 281 3240 ad
296 3181 327 3240 A
333 3181 376 3262 H,
392 3199 473 3260 quae
489 3177 548 3241 sub
564 3177 683 3262 angulo
699 3181 810 3242 AZH
818 3177 987 3244 inseratur.
1019 3179 1129 3263 itaque

120 3341 200 3346 ψ
1038 3341 1130 3348 ---—·

4 3465 5 3528 p
158 3447 199 3530 tl.
219 3439 266 3511 δή]
294 3459 326 3528 ΡΙ,
355 3437 386 3494 δέ
409 3441 462 3496 Vc.
550 3446 591 3494 15.
621 3441 647 3512 ὁ]
674 3439 724 3510 μὲν
749 3441 764 3496 ὁ
787 3460 814 3510 p.
901 3441 950 3495 καὶ
973 3440 1130 3513 διάμετρος]

4 3529 5 3552 l
122 3514 318 3654 drupparffirpdr
327 3529 384 3637 IpA
402 3583 455 3638 VO!
469 3519 510 3566 16.
535 3514 604 3584 ΒΓ]
630 3517 651 3566 Β
675 3529 777 3567 ecorr.
797 3531 824 3582 p.
914 3513 952 3583 A]
977 3529 992 3566 e
1016 3529 1084 3568 corr.
1104 3531 1131 3582 p.

175 3682 299 3722 Soranus
314 3682 517 3734 Antinoenris,
532 3685 566 3724 ed.
581 3685 690 3734 Heiberg.
939 3677 971 3724 12
