2574 3882
377 234 447 294 ,ou
466 234 642 286 suorroua
662 235 840 286 curruum.
1083 229 1124 292 61

179 381 320 462 ponatur
346 377 530 463 triangulus
559 376 705 442 scalenus
730 379 834 441 ΑΒΓ
852 375 888 439 in
909 375 981 440 basi
1005 379 1034 438 Β
1041 377 1072 438 Γ
1089 374 1126 438 in

107 490 145 550 Δ
172 485 207 548 in
234 485 314 549 duas
341 488 451 569 partes
479 483 629 566 aequales
653 488 755 568 secta,
783 483 889 567 sitque
913 486 979 548 AB
994 493 1027 554 >
1043 484 1124 565 ΑΓ,

109 596 145 657 et
170 591 210 654 ad
231 593 295 654 ΓΑ
317 595 439 656 rectam
461 595 680 674 punctumque
699 597 730 654 A
755 589 892 676 angulus
917 593 1125 653 construatur

106 696 209 762 rectis
230 699 308 780 ΓΑ,
327 679 396 762 ΑΕ
417 696 667 781 comprehensus
688 701 745 760 aut
763 697 866 762 maior
885 696 1004 781 angulo
1024 698 1129 759 ΑΒΓ

106 807 170 869 aut
189 803 302 887 minor,
322 808 354 866 et
368 808 438 868 ΑΕ
454 826 528 868 cum
543 806 642 870 ΒΓΕ
658 805 693 867 in
707 809 738 868 E
751 807 930 887 concurrat,
947 806 1121 866 rectarum·

108 933 175 996 quc
195 914 272 993 BE,
291 913 359 974 ΕΓ
377 911 483 974 media
500 910 752 995 proportionalis
773 910 817 974 sit
835 913 912 992 ΕΖ,
936 912 969 973 ct
988 908 1123 972 ducatur

106 1023 144 1082 Α
153 1021 194 1098 Ζ,
213 1020 246 1081 ct
265 1021 370 1082 rectae
390 1022 423 1082 A
428 1022 459 1081 E
475 1016 629 1100 parallelo
647 1016 682 1080 in
700 1016 864 1101 triangulo
884 1015 1019 1080 ducatur
1041 1017 1113 1077 ΘΗ
1116 1062 1125 1096 ‚

116 2621 150 2678 et
177 2633 235 2696 per
261 2611 381 2692 puncta
411 2609 453 2689 Θ,
479 2609 519 2668 Η
542 2609 648 2670 rectae
673 2609 738 2670 ΑΖ
765 2603 937 2686 parallelae
966 2605 1124 2670 ducantur

119 2722 199 2802 ΘΚ,
231 2718 360 2796 ΛΗΜ,
397 2711 626 2795 expleaturque
663 2710 1001 2795 parallelogrammum
1034 2715 1124 2796 ΚΜ,

1 2819 2 2826 ¹
114 2849 174 2914 pcr
203 2827 269 2888 ΒΕ
299 2825 407 2886 autem
440 2820 537 2884 ducto
568 2818 666 2903 plano
699 2818 739 2882 ad
766 2817 899 2902 planum
927 2821 1030 2884 ΒΑΕ
1056 2841 1125 2904 per-

114 2928 314 3020 pendiculari
345 2927 381 2992 in
411 2926 508 3010 plano
541 2925 637 2990 ducto
670 2924 871 2990 describatur
902 2925 1024 2992 circum
1057 2930 1125 2992 ΚΑ

115 3040 311 3105 diametrum
344 3032 482 3098 circulus
515 3035 637 3115 ΚΝΑ,
674 3031 729 3117 qui
762 3031 849 3096 basis
883 3031 945 3096 erit
978 3033 1125 3118 cylindri,

115 3147 208 3213 cuius
236 3147 287 3208 cst
310 3143 391 3206 ΚΜ
412 3139 753 3224 parallelogrammum
780 3160 837 3222 par
865 3161 958 3202 axem
984 3139 1124 3222 ductum,

117 3253 240 3320 circum
276 3249 344 3313 ΒΓ
375 3250 485 3310 autem
521 3245 714 3310 diametrum
751 3245 890 3310 circulus
923 3249 951 3309 Β
958 3244 1032 3328 ΞΓ,
1070 3246 1125 3328 qui

115 3359 205 3425 basis
234 3355 297 3420 erit
323 3353 409 3438 coni,
436 3352 527 3418 cuius
552 3357 602 3418 est
625 3355 730 3418 ΑΒΓ
747 3351 929 3438 triangulus
952 3374 1010 3435 per
1033 3373 1125 3416 axem

116 3465 258 3552 positar,
290 3465 323 3526 et
355 3463 445 3524 recta
474 3463 547 3523 ΘΗ
575 3459 614 3522 ad
644 3463 672 3522 0
703 3459 861 3543 producta
893 3457 934 3520 ad
960 3461 1027 3522 ΒΕ
1056 3480 1126 3541 per-

116 3567 333 3658 pendicularis
364 3567 500 3630 ducatur
525 3570 595 3630 ΟΠ
615 3565 650 3630 in
672 3566 769 3650 plano
794 3563 986 3630 circulorum
1010 3563 1127 3649 posita,
