2604 3880
130 209 196 274 262
245 159 256 182 ⁸
445 211 533 262 ΠΕΡΙ
550 209 679 264 ΚΩΝΟΤ
696 212 833 266 ΤΟΜΗΣ.

131 359 187 435 ἴση
214 353 234 436 ἡ
262 352 323 436 μὲν
350 357 426 418 ΒΗ
449 363 488 438 τῇ
515 357 591 439 ΒΓ,
618 353 638 436 ἡ
666 351 703 418 δὲ
726 359 792 420 ΒΘ
818 364 858 440 τῇ
881 359 960 438 ΒΖ,
989 353 1044 422 καὶ,
1072 354 1144 420 έπε-

131 461 324 543 ζεύχδωσαν
346 461 384 524 αί
399 463 485 544 ΑΗ,
504 465 583 544 ΔΘ,
606 458 661 526 καὶ
684 460 866 547 γεγράφθω
884 459 960 547 περὶ
977 463 1015 528 τὸ
1034 467 1148 528 ΑΒΗ

131 566 343 652 ὀρθογώνιον
370 565 574 650 ἡμικύκλιον.
620 565 689 633 ἐπεὶ
716 563 779 633 οὖν
806 567 847 632 τὰ
869 566 934 634 ἀπὸ
956 573 1038 652 ΑΒ,
1067 573 1143 655 ΒΓ,

131 670 281 738 τουτέστι
313 674 353 740 τδι
380 672 444 744 ἀπὸ
473 677 553 757 ΑΒ,
582 677 666 757 ΒΗ,
694 682 764 750 τοῖς
791 672 855 738 ἀπὸ
884 679 966 758 ΑΒ,
993 680 1060 740 ΕΘ
1088 681 1143 740 ἴσα

97 777 212 862 οέστί,
234 777 290 846 καὶ
313 781 350 846 τὸ
374 779 437 846 ἀπὸ
455 784 534 845 ΑΗ
552 782 616 868 ἄρα
634 789 680 868 τῷ
698 779 763 846 ἀπὸ
781 785 851 846 ΛΘ
869 779 959 848 ἐστιν
979 787 1063 865 ἴσον,
1086 779 1142 846 καῖ

132 884 249 968 ἡΑΗ
266 897 306 972 τη
325 891 401 952 ΛΘ.
438 885 494 952 καῖ
517 885 586 952 έσεῖ
608 885 714 970 ἡΕΘ
736 895 794 971 τῆς
812 891 886 954 ΒΗ
904 890 1022 971 μείζων
1041 887 1142 972 ἐστίν,

131 991 151 1074 ἡ
180 995 244 1080 ἄρα
271 1004 311 1080 τη
335 998 401 1060 ΒΘ
428 999 482 1077 ἴση
509 992 751 1081 έναρμοζομένη
779 1003 825 1082 τῷ
848 993 1030 1081 ἡμικυκλίῳ
1053 1005 1144 1078 τεμεῖ

123 1100 192 1183 ’τὴν
220 1101 286 1166 ὑπὸ
310 1104 416 1166 ΒΗΑ
438 1103 573 1182 γωνίαν.
619 1101 817 1187 ἐνηρμόσθω
841 1099 861 1183 ἡ
884 1104 960 1166 ΗΚ
981 1107 1034 1184 ἴση
1058 1095 1143 1168 οὖσα

130 1217 170 1292 τῇ
201 1212 278 1285 ΘΕ,
310 1205 366 1271 καὶ
393 1205 577 1291 ἐπεζεύχθω
606 1207 626 1290 ἡ
654 1211 727 1273 ΑΚ
750 1205 806 1272 καῖ
833 1207 1060 1292 ἐκβεβλήσθω,
1087 1203 1144 1272 καὶ

79 1330 112 1379 10
132 1315 213 1378 ἔστω
239 1319 293 1396 ἴση
316 1313 336 1397 ἡ
360 1315 429 1380 ΚΛ
451 1321 490 1398 τῇ
513 1317 593 1378 KH.
639 1311 709 1378 ἐπεὶ
732 1309 794 1380 οὖν
816 1313 857 1378 τὰ
880 1313 943 1379 ιἰτιὸ
967 1316 1046 1398 ΑΚ,
1069 1316 1147 1378 ΚΗ

130 1431 199 1495 τοῖς
218 1419 281 1484 ἀπὸ
302 1424 382 1504 ΑΒ,
402 1424 476 1484 ΒΗ
495 1427 549 1485 ἴσα
574 1420 657 1504 έστῖ,
682 1421 723 1485 τδι
745 1417 782 1485 δὲ
805 1419 869 1486 διιδ
886 1425 969 1505 ΑΒ,
986 1423 1060 1484 ΒΗ
1073 1430 1144 1495 τοῖς

130 1525 194 1591 ἀπὸ
222 1530 304 1609 ΔΕ,
332 1530 398 1590 ΕΘ
428 1533 497 1610 ἴσα,
525 1527 565 1591 τὰ
593 1529 658 1614 ἄρα
685 1526 749 1592 ἀπὸ
772 1531 855 1611 ΑΚ,
884 1531 960 1593 ΚΗ
977 1539 1047 1604 τοϊς
1077 1525 1142 1591 ἀπὸ

129 1637 211 1716 ΑΕ,
243 1635 310 1698 ΕΘ
341 1638 397 1700 ἴσα
429 1632 530 1699 ἐστίν·
565 1628 613 1700 ὧν
644 1635 681 1700 τὸ
712 1633 778 1700 ἀπὸ
806 1637 883 1700 ΚΗ
909 1643 955 1722 τῷ
983 1633 1047 1702 νἰσὸ
1077 1636 1143 1698 ΕΘ

131 1745 217 1804 ἴσον·
245 1739 364 1806 λοιπὸν
387 1741 451 1826 ἄρα
473 1740 511 1805 τὸ
534 1738 599 1806 ίιτιὸ
623 1743 696 1807 ΑΚ
715 1749 760 1828 τῷ
784 1739 848 1806 ἀπὸ
872 1744 942 1806 ΔΒ
963 1744 1038 1806 ἴσον
1062 1737 1141 1822 ἐστί,

78 1862 111 1910 15
129 1844 185 1910 καῖ
213 1845 233 1929 ἡ
258 1849 330 1912 ΑΚ
349 1856 389 1932 τῇ
412 1851 493 1912 ΔΕ·
521 1847 558 1911 τὸ
583 1849 648 1934 ἄρα
669 1850 784 1911 ΑΚΗ
801 1849 966 1934 τρίγωνον
990 1851 1064 1910 ἴσον
1086 1843 1143 1909 καὶ

129 1952 246 2036 ὅμοιόν
276 1951 344 2018 ε’στι
370 1962 416 2041 τῷ
439 1957 558 2037 ΔΕΘ,
585 1951 640 2018 καῖ
663 1952 683 2036 η
707 1957 776 2018 ΑΛ
803 1963 842 2039 τῇ
866 1957 933 2017 ΛΖ
961 1958 1015 2035 ἴση
1043 1949 1142 2017 ἐστίν.

130 2056 199 2122 εἰιεῖ
227 2053 289 2124 οὖν
316 2057 336 2140 η
360 2065 392 2124 Α
398 2062 433 2123 Κ
457 2059 573 2124 εὐθεῖα
599 2068 657 2142 τῆς
680 2043 756 2123 ΚΗ
779 2060 840 2124 οὔκ
868 2058 958 2124 ἐστιν
988 2056 1142 2140 ε’λιίττων,

129 2161 203 2230 οὐδ’
242 2162 262 2246 η
293 2167 372 2235 ,ΑΚ
405 2165 469 2250 ἄρα
505 2162 698 2251 περιφέρεια
734 2173 792 2248 τῆς
824 2167 900 2228 ΚΗ
931 2166 1142 2250 περιφερείας

129 2267 274 2336 έλιίττων
301 2267 377 2334 ἐστί.
421 2267 478 2334 καῖ
502 2270 557 2334 διδι
580 2270 617 2335 τὸ
640 2271 704 2356 πρὸ
727 2271 848 2335 τούτου
871 2271 1045 2356 θεώρημα,
1069 2269 1139 2336 έτιεὶ

76 2394 111 2442 20
128 2376 166 2442 ἐν
189 2379 330 2462 τμήματι
353 2378 477 2442 κύκλου
499 2375 714 2462 κεκλασμέναι
735 2376 821 2443 εἴσῖν
839 2379 876 2442 αἴ
892 2381 1015 2461 ΑΚΗ,
1034 2382 1146 2442 ΑΒΗ

129 2485 273 2569 εὐθεῖαι,
296 2487 355 2549 καί
373 2483 465 2550 ἐστιν
487 2483 508 2568 ἡ
532 2487 645 2549 ΑΚΗ
662 2486 736 2568 ἤτοι
758 2485 841 2570 πρὸς
862 2493 902 2569 τη
926 2485 1098 2572 διχοτομία
1120 2483 1140 2568 ἢ

130 2593 242 2673 ἔγγιον
260 2600 318 2675 τῆς
336 2592 536 2676 διχοτομίας,
558 2594 676 2674 μείζων
695 2593 759 2678 ἄρα
777 2591 798 2674 ἡ
816 2595 849 2655 Α
854 2593 928 2654 ΚΗ
944 2599 1002 2674 της
1020 2595 1141 2674 ΑΒΗ,

128 2697 300 2764 τουτέστιν
326 2698 348 2782 ἡ
370 2704 403 2764 Α
409 2703 440 2763 Λ
467 2707 525 2782 τῆς
548 2701 627 2782 ΑΓ,
655 2696 826 2763 τουτέστιν
852 2699 872 2782 ἡ
896 2701 964 2762 ΔΖ
986 2706 1044 2780 τῆς
1066 2703 1099 2762 Α
1106 2701 1141 2762 Γ.

125 2802 273 2870 ,ἐλάττων
296 2805 359 2891 ἄρα
382 2803 402 2888 η
426 2811 459 2869 Α
465 2807 497 2868 Γ
514 2813 572 2888 της
594 2809 674 2869 ΑΖ·
698 2805 778 2891 ὅπερ
802 2805 868 2869 ἴδει
892 2801 1004 2880 δεῖξαι.

76 3013 109 3063 25
605 2997 665 3064 νε’.

192 3121 268 3190 ’Βδν
291 3123 354 3187 δύο
373 3123 502 3188 εὐθεῖαι
521 3125 631 3190 ἴίνισοι
650 3122 845 3211 διηρημέναι
864 3119 935 3209 ὦσι,
959 3125 999 3189 τδι
1018 3121 1055 3188 δὲ
1074 3123 1137 3190 ιἰιτὸ

97 3269 101 3278 -
128 3239 197 3294 τῶν
228 3238 286 3312 τῆς
318 3228 491 3306 ἐλάττονος
518 3230 695 3314 τμημάτων
722 3229 911 3316 τετράγωνα
940 3237 995 3295 ἴσα
1022 3225 1044 3316 ,ἦ
1072 3241 1141 3306 τοῖς

130 3333 193 3400 ἀπὸ
229 3346 297 3400 τῶν
328 3344 387 3418 της
416 3337 564 3428 μείζονος
596 3335 772 3420 τμημάτων
804 3337 1036 3422 τετραγώνοις,
1073 3346 1141 3400 τῶν

199 3497 223 3544 2.
243 3492 346 3562 ΑΒΗ]
365 3493 451 3544 ΑΒΗ
466 3509 602 3562 τριγωνον
619 3509 646 3560 p.
724 3497 748 3545 ὅ.
769 3491 842 3546 ἐστιν
862 3489 935 3564 ἴσον]
955 3491 1016 3547 ἴσον
1035 3489 1093 3546 ἐστί
1108 3487 1136 3560 pss

60 3623 63 3629 Δ
165 3565 188 3614 6.
212 3560 332 3632 Mam]
357 3560 401 3616 bis
424 3561 456 3616 V.
547 3562 619 3633 ΕΘ]
645 3565 670 3618 Θ
693 3579 708 3616 ε
732 3579 800 3616 com
819 3580 846 3632 p.
939 3569 962 3618 ἴ.
986 3561 1058 3634 ἄρα]
1082 3561 1139 3630 ἄρα
