2594 3878
178 183 241 246 124
494 185 583 234 ΠΕΡΙ
600 182 729 235 mor
746 183 882 236 ΤοιιΗΣ.

176 330 238 410 τὴν
265 331 330 390 ΑΒ
358 328 453 410 ἤχθω
481 350 531 402 τις
559 326 674 390 εὐθεῖα
700 324 721 407 ἡ
750 328 824 390 ΓΔ.
869 323 968 408 λέγω,
996 326 1046 390 ὅτι
1073 324 1094 407 ἡ
1125 328 1190 389 ΓΛ

177 433 260 517 πρὸς
277 438 348 496 ΛΑ
370 435 501 516 μείζονα
524 435 624 513 λόγον
647 434 711 515 ἔχει
734 432 816 516 ἥπερ
839 432 860 514 ἡ
884 434 945 495 ΓΒ
968 433 1050 516 πρὸς
1069 435 1145 495 ΒΑ.

244 540 339 623 ἤχθω
366 540 454 623 παρὰ
481 540 542 622 τὴν
571 541 631 602 ΓΒ
660 537 680 620 ἡ
709 543 785 602 ΑΕ.
839 535 907 602 ἐπεὶ
935 537 1022 623 ὀρθή
1050 536 1141 601 ἐστιν
1170 537 1190 620 ἡ

178 646 243 712 ὑπὸ
257 651 290 710 Δ
295 651 327 709 A
333 648 370 729 Γ,
390 645 527 730 ἀμβλεῖα
545 646 610 730 ἄρα
628 643 648 726 ἡ
662 643 728 708 ὑπὸ
742 650 775 708 Δ
781 646 859 709 ΕΓ·
879 647 997 728 μείζων
1011 646 1075 730 ἄρα
1089 644 1109 727 ἡ
1124 650 1158 707 Λ
1164 647 1196 707 Γ

145 762 238 836 ὁτῆς
265 757 341 816 ΔΕ.
395 752 415 835 ἡ
443 753 507 837 ἄρα
536 754 596 815 ΓΛ
628 751 711 834 πρὸς
738 755 804 814 ΔΑ
837 753 968 833 μείζονα
996 753 1096 832 λόγον
1126 753 1192 833 ἔχει

180 861 262 944 ἥπερ
281 858 383 941 ἡΕΛ
401 859 485 942 πρὸς
499 862 576 940 ΛΑ,
599 854 769 920 τουτέστιν
791 858 874 941 ἤπερ
893 856 913 939 ἡ
934 859 994 920 ΓΒ
1013 857 1096 942 πρὸς
1115 860 1191 920 BA.

663 1129 708 1186 γ.

245 1248 321 1314 Ἐὰν
339 1257 446 1323 κῶνος
460 1246 565 1332 ὀρθὸς
582 1247 639 1310 διὰ
653 1255 711 1330 τῆς
723 1255 873 1331 κορυφῆς
887 1244 1053 1321 ἐπιπέδοις
1070 1253 1193 1331 τμηθῇ,

180 1367 248 1420 τών
266 1352 451 1438 γινομένων
471 1352 507 1418 ἐν
520 1364 592 1428 ταῖς
605 1363 720 1436 τομαῖς
738 1353 912 1436 τριγώνων
930 1353 970 1416 τὰ
987 1359 1060 1428 ἴσας
1075 1355 1193 1436 ἔχοντα

130 1473 163 1520 10
181 1463 294 1546 βάσεις
316 1459 471 1542 ἀλλήλοις
494 1457 584 1524 ἐστὶν
609 1466 672 1524 έσα,

250 1570 331 1631 έστω
355 1575 475 1647 κῶνος,
503 1561 543 1630 οὗ
566 1567 697 1651 κορυφὴ
720 1562 781 1649 μὲν
803 1567 841 1630 τὸ
864 1572 896 1630 Α
919 1577 1069 1650 σημεῖον,
1098 1565 1193 1648 βάσις

185 1670 222 1738 δέ
250 1673 267 1738 ὁ
295 1669 372 1756 περὶ
399 1672 436 1735 τὸ
460 1676 488 1735 Β
515 1669 654 1758 κέντρον
680 1671 814 1754 κύκλος,
846 1680 907 1736 τοῦ
934 1669 971 1736 δέ
998 1672 1109 1736 κώνου
1138 1671 1194 1734 διὰ

184 1789 242 1864 τῆς
268 1786 418 1864 κορυφῆς
445 1776 628 1862 τμηθέντος
655 1776 820 1853 ἐπιπέδοις
845 1780 1036 1861 γεγενήσθω
1065 1778 1106 1840 τὰ
1128 1777 1192 1841 ὑπὸ

184 1895 242 1970 τῆς
255 1893 356 1969 τομῆς
370 1887 531 1968 γενόμενα
545 1888 702 1969 τρίγωνα
722 1884 773 1949 ὅτι
792 1885 855 1970 γὰρ
874 1888 1020 1969 τρίγωνα
1038 1893 1194 1949 ποιοῦσιν

132 2004 164 2051 15
184 1995 221 2057 αί
241 2000 391 2056 τοιαῦται
410 1995 517 2075 τομαί,
542 1991 578 2055 έν
596 1992 709 2066 ἄλλοις
728 1991 905 2055 δείκνυται.
941 1992 1134 2074 γεγενήσθω
1154 1991 1194 2072 δὴ

184 2100 224 2162 τὰ
256 2101 370 2181 ΑΓΔ,
393 2079 498 2162 ΑΕΖ
532 2103 605 2172 ἴσας
642 2100 758 2180 ἔχοντα
790 2099 848 2174 τὰς
880 2100 955 2181 ΓΛ,
978 2102 1042 2161 ΕΖ
1074 2098 1193 2180 βάσεις.

185 2202 283 2286 λέγω,
307 2204 357 2268 ὅτι
380 2204 420 2268 τὰ
443 2206 557 2286 ΑΓΛ,
576 2207 677 2266 ΑΕΖ
700 2207 844 2289 τρίγωνα
869 2209 923 2267 ἴσα
947 2203 1045 2268 ἐστίν.

252 2308 321 2375 ἐπεὶ
344 2311 407 2394 γὰρ
436 2310 526 2373 αἵτε
549 2308 661 2392 βάσεις
690 2316 759 2374 ἴσαι
788 2309 958 2392 ἀλλήλαις,
987 2315 1056 2374 ἶσαι
1080 2307 1118 2374 δὲ
1140 2307 1192 2373 καὶ

185 2419 222 2482 αἱ
243 2420 318 2500 ΑΓ,
336 2422 416 2499 ΑΔ,
435 2421 516 2499 ΑΕ,
535 2419 616 2494 AZ,
643 2413 699 2479 καὶ
721 2417 758 2479 τὸ
782 2418 947 2498 τρίγωνον
969 2416 1033 2501 ἄρα
1056 2425 1103 2503 τῷ
1126 2439 1191 2501 τρι-

134 2535 168 2584 20
187 2525 282 2612 γώνμ
308 2530 390 2588 ἴσον.

668 2678 713 2744 δ’.

251 2806 305 2871 Ἐν
323 2819 392 2882 τοῖς
411 2805 529 2891 ὀρθοῖς
547 2807 667 2881 κώνοις
684 2805 724 2868 τὰ
744 2805 839 2888 ὅμοια
858 2807 1004 2889 τρίγωνα
1023 2810 1078 2869 ἴσα
1098 2805 1193 2887 ἀλλή-

187 2917 259 2988 λοις
282 2912 380 2976 ἐστίν.

259 3178 283 3227 2.
303 3173 371 3243 ΔΑ]
391 3171 442 3241 τὴν
461 3178 513 3227 ΔΑ
531 3191 558 3242 p.
645 3178 669 3228 3.
694 3169 771 3244 ἐπεί]
790 3173 839 3227 καὶ
858 3170 918 3227 ἐπεί
935 3190 962 3241 p.
1049 3179 1073 3228 4.
1100 3178 1183 3230 ΔΑΓ

187 3250 240 3299 ΔΑ
248 3248 274 3298 Γ
289 3240 376 3313 γωνία
394 3261 420 3311 p.
507 3244 614 3334 ὴρπρ]
634 3243 707 3297 ἐστὶν
726 3243 743 3312 ὴ
762 3262 788 3312 p.
876 3250 900 3298 δ.
922 3246 982 3315 ΓΔ]
1001 3263 1055 3314 vp,
1083 3250 1132 3300 ΓΔ
1150 3261 1183 3297 ue

190 3320 239 3370 ΓΑ
258 3315 292 3384 V,
318 3318 366 3367 ΓΑ
386 3331 408 3368 ο,
482 3315 550 3386 ΔΑ]
569 3334 620 3383 την
639 3320 691 3367 ΔΑ
709 3332 737 3382 p.
810 3320 835 3368 9.
854 3313 905 3386 τά]
923 3314 973 3377 τώς
992 3332 1014 3369 c.
1091 3324 1130 3371 10.
1150 3318 1195 3370 ἀλ-

187 3387 280 3454 λήλοις
304 3385 377 3439 ἐστὶν
402 3383 464 3456 έσα]
493 3384 538 3438 ἴσα
558 3385 684 3452 ἀλλήλοις
703 3381 776 3439 ἐστίν
798 3404 825 3454 p.
917 3392 957 3440 11.
981 3387 1020 3457 A]
1043 3397 1155 3455 πρῶτον
1174 3403 1194 3440 c.

225 3463 266 3511 14.
286 3455 435 3528 γενόμενα]
472 3455 588 3524 ινόμονα
607 3455 717 3524 Halley.
791 3462 832 3510 15.
851 3465 979 3510 τοιαῦται
997 3456 1097 3582 vomi]
1116 3457 1196 3527 τομαὶ

188 3523 272 3580 αὗται
290 3546 316 3595 p.
382 3533 423 3581 16.
456 3527 516 3597 σας]
535 3545 566 3595 p,
591 3525 670 3579 έσαο
694 3528 723 3579 et
742 3529 809 3580 extr.
828 3543 892 3596 pag.
912 3527 944 3581 V.
1010 3535 1051 3582 17.
1085 3531 1132 3602 σα]
1153 3529 1196 3582 ἴσα
