2594 3878
172 208 235 271 190
483 207 570 260 ΠΕΡι
587 207 716 260 mor
733 208 870 260 νοιτΗΣ.
927 251 933 258 .

169 352 264 435 βάσει
286 353 450 437 τρίγωνον
472 349 627 435 μέγιστον
650 353 740 416 ἔσται
761 351 898 418 πάντων
920 365 988 420 τῶν
1009 354 1102 432 ἐκτὸς
1120 366 1179 422 τοῦ

170 457 287 536 ἄξονος
304 458 342 524 ἐν
360 467 405 545 τῳ
422 459 519 545 κώνῳ
532 457 784 542 συνισταμένων
796 461 970 541 τριγώνων
983 460 1038 526 καὶ
1055 470 1179 548 παρκλ-

170 568 291 649 λήλους
317 565 429 648 βάσεις
457 565 600 648 ἐχόντων
626 575 666 650 τῇ
689 574 749 628 τοῦ
771 567 854 650 πρὸς
877 566 983 651 ὀρθάς
1004 571 1178 653 τριγώνου.

237 683 342 748 κῶνος
364 671 438 757 γάρ,
462 667 503 736 οὗ
524 673 656 757 κορυφή
679 668 740 755 μὲν
762 673 799 736 τὸ
820 678 863 754 Α,
885 673 982 757 βάσις
1004 672 1041 740 δέ
1064 676 1081 741 ὁ
1105 676 1180 762 περὶ

135 795 150 843 5
170 780 206 844 τὸ
230 783 258 843 Β
281 777 419 865 κέντρον
445 779 580 862 κύκλος,
607 779 780 862 τετμήσθω
809 780 865 844 διά
888 790 948 844 τοῦ
970 780 1088 859 ἄξονος
1109 783 1179 848 έπι-

168 885 257 974 πέδῳ
291 895 445 952 ποιοῦντι
477 886 515 950 τὸ
549 888 653 950 ΑΓΔ
687 889 852 970 τρίγωνον
888 889 971 973 ιορδς
1002 889 1109 972 ὀρθὰς
1140 899 1179 976 τῇ

168 994 262 1077 βάσει
285 1003 345 1058 τοῦ
368 994 489 1075 κώνου,
511 991 532 1074 ἡ
551 988 588 1057 δὲ
610 991 674 1058 ἀπὸ
698 1001 757 1056 τοῦ
776 998 809 1056 Α
832 991 885 1058 ἐπὶ
907 996 968 1077 τὴν
992 998 1058 1060 ΓΔ
1080 996 1178 1062 κάθε-

167 1125 224 1178 τος
244 1103 289 1185 μή
313 1099 457 1166 ἐλάττων
479 1102 562 1164 έστω
585 1108 643 1182 τῆς
665 1098 700 1164 έκ
722 1108 783 1164 τοῦ
805 1098 944 1187 κέντρου
967 1110 1025 1184 τῆς
1044 1102 1177 1185 βάσεως.

167 1207 267 1292 λέγω,
292 1208 345 1274 ὅτι
372 1209 409 1274 τὸ
438 1214 470 1272 Α
476 1209 541 1272 ΓΔ
566 1210 732 1292 τρίγωνον
758 1205 913 1291 μέγιστόν
943 1207 1012 1272 ἐστι
1043 1209 1178 1274 πάντων

115 1334 147 1380 10
166 1327 233 1382 τῶν
256 1314 293 1379 ἐν
315 1324 360 1402 τῷ
383 1315 479 1402 κώνῳ
499 1311 748 1398 συνισταμένων
766 1315 938 1399 τριγώνων
956 1313 1068 1397 βάσεις
1087 1315 1177 1399 ε’χόν-

167 1448 234 1488 των
256 1423 488 1508 παραλλήλους
510 1429 549 1504 τῇ
574 1423 648 1484 ΓΔ.

128 1597 133 1606 ,
234 1530 363 1611 διήχθω
395 1529 458 1611 γάρ
489 1526 528 1592 έν
555 1536 599 1614 τῷ
629 1528 738 1614 κύκλῳ
760 1537 800 1613 τῇ
829 1530 893 1592 ΓΔ
918 1527 1130 1612 παράλληλος
1156 1528 1175 1612 ἡ

167 1640 244 1719 ΕΖ,
272 1632 326 1718 ἐφ’
356 1629 395 1718 ἧς
422 1635 459 1698 τὸ
483 1639 584 1700 ΑΕΖ
607 1637 785 1719 τρίγωνον,
808 1633 844 1698 έν
867 1630 904 1698 δὲ
926 1643 971 1722 τῳ
995 1643 1055 1698 τοῦ
1078 1638 1176 1700 ΑΓΔ

166 1743 332 1828 τριγώνου
367 1740 508 1829 ἐπιπέδῳ
538 1742 621 1826 πρὸς
653 1741 759 1827 ὀρθὰς
790 1740 955 1805 ἀνεστάτω
987 1749 1027 1826 τῇ
1060 1743 1127 1805 ΓΔ
1157 1741 1176 1824 ἡ

114 1865 146 1912 15
166 1852 250 1932 BH,
276 1846 332 1914 καὶ
359 1858 399 1934 τῇ
423 1851 488 1914 ΓΔ
512 1848 721 1934 παράλληλος
743 1847 763 1931 ἡ
787 1851 874 1911 ΑΗ·
897 1846 918 1930 ἡ
941 1851 1015 1911 ΒΗ
1033 1849 1098 1933 ἄρα
1123 1853 1176 1930 ἴση

166 1954 235 2022 ἐστὶ
258 1965 297 2040 τῇ
320 1955 384 2020 άτὸ
407 1962 467 2020 τοῦ
485 1961 518 2020 A
542 1952 594 2020 ἐπὶ
617 1956 678 2037 τὴν
702 1957 768 2018 ΓΔ
788 1951 930 2042 καθέτῳ.
976 1952 1177 2037 ἐπεζεύχθω

57 2049 61 2058 ’
165 2078 228 2127 σαν
261 2064 298 2126 ai
319 2064 400 2144 ΗΓ,
425 2065 507 2144 ΗΔ,
531 2065 614 2144 ΗΕ,
638 2064 719 2126 ΗΖ·
756 2062 959 2144 νερδήσεται
991 2061 1032 2144 δὴ
1061 2072 1178 2144 οαῖιτος,

166 2164 207 2233 οὗ
236 2169 367 2254 κορυφή
397 2164 457 2250 μέν
486 2168 523 2232 τὸ
554 2171 603 2250 H,
630 2165 720 2244 ἄξων
745 2164 785 2232 δέ
812 2165 832 2250 ἡ
862 2171 944 2250 ΗΒ,
970 2167 1067 2250 βάστς
1094 2163 1131 2231 δέ
1159 2166 1177 2232 ὁ

165 2273 241 2362 περὶ
263 2276 301 2342 τὸ
319 2279 348 2338 Β
371 2271 510 2359 κέντρον
530 2275 661 2357 κύκλος,
685 2273 722 2338 έν
745 2267 772 2362 β
794 2278 940 2358 τρίγωνα
958 2274 1016 2340 διὰ
1031 2270 1095 2358 μὲν
1117 2283 1178 2340 τοῦ

114 2397 147 2445 20
167 2381 284 2462 ἄξονος
305 2383 343 2448 τὸ
368 2384 487 2465 ΗΓΔ,
511 2379 602 2457 έκτδς
623 2377 662 2446 δέ
684 2389 743 2446 τού
764 2379 884 2458 ἄξονος
905 2382 943 2445 τὸ
963 2384 1075 2446 ΗΕΖ.
1105 2379 1178 2446 ἐπεὶ

167 2487 229 2558 οών
251 2489 271 2574 ἡ
291 2493 366 2556 ΒΗ
377 2488 441 2556 οὐκ
464 2487 612 2554 ἐλάσσων
634 2485 704 2554 ε’στὶ
726 2497 784 2572 τῆς
806 2485 843 2554 έκ
864 2496 925 2552 τοῦ
948 2485 1097 2574 κέντρου,
1117 2489 1178 2554 διὰ

166 2599 206 2662 τά
228 2594 486 2683 προδεδειγμένα
505 2597 571 2681 ἄρα
594 2595 631 2661 τὸ
651 2597 751 2660 HM
771 2596 883 2678 μεῖζόν
906 2593 976 2660 ἐστι
994 2603 1054 2660 τοῦ
1073 2598 1178 2660 ΗΕΖ

166 2703 221 2769 καὶ
248 2704 382 2769 πάντων
408 2714 475 2768 τών
503 2702 540 2767 έν
568 2711 613 2790 τῷ
636 2701 732 2788 κώνῳ
755 2702 928 2786 τριγώνων
950 2700 1062 2784 βάσεις
1085 2699 1177 2785 ἐχόν-

166 2835 234 2876 των
263 2811 493 2896 παραλλήλους
523 2817 562 2894 τῇ
596 2811 670 2873 ΓΔ.
719 2807 805 2872 ἄλλά
838 2809 876 2873 τὸ
905 2804 965 2891 μέν
996 2809 1101 2871 HM
1130 2817 1176 2895 τῷ

114 2929 147 2978 25
167 2920 271 2982 ΑΓΔ
295 2923 367 2982 ἴσον
388 2915 493 2982 έστίν·
518 2915 574 2982 ε’τοί
594 2938 628 2979 τε
646 2915 709 3000 γάρ
728 2923 786 2998 τής
804 2913 906 3000 αὐτῆς
920 2913 1049 2997 βάσεως
1066 2911 1120 2980 καὶ
1140 2913 1176 2979 ἐν

166 3035 238 3100 ταῖς
258 3023 375 3099 αὐτοῖς
396 3023 631 3106 παραλλήλοις
654 3022 692 3086 τὸ
716 3017 753 3086 δὲ
773 3023 877 3086 ΗΕΖ
899 3029 944 3108 τῷ
961 3025 1065 3086 ΑΕΖ
1088 3027 1176 3088 ἴσον·

167 3131 203 3196 τδ
223 3131 287 3215 ἄρα
306 3135 338 3196 Α
344 3132 409 3194 ΓΛ
427 3137 487 3193 τοῦ
507 3132 609 3194 ΑΕΖ
631 3130 741 3212 μεῖζόν
757 3126 858 3194 ἐστιν.
895 3127 1016 3212 &mg
1031 3123 1071 3193 δέ
1088 3128 1176 3193 δείκ-

239 3436 262 3484 1.
289 3428 375 3500 ἔσται]
397 3445 493 3484 ome.
584 3424 673 3496 ἐκτός]
696 3444 727 3494 p,
754 3423 835 3487 ἐντός
853 3424 906 3479 Vc,
994 3430 1038 3480 18.
1062 3425 1097 3497 ἡ]
1121 3425 1176 3495 Vc,

168 3500 418 3624 ὁή,λοτλ.τεολε.
479 3499 761 3570 HB]Heoorr.p.
822 3501 862 3550 19.
883 3496 1076 3567 B]p‚FVO.
1133 3503 1175 3552 25.

167 3571 303 3642 κα]εἰοι
321 3569 370 3625 καί
387 3589 414 3639 p.
487 3567 1066 3638 27.AFA]vep,APeeorr.m.1V.
