2594 3878
401 235 465 284 ,ΒΕ
483 234 661 286 SECTIONE
679 235 860 289 OYLINDRI.
1101 235 1144 299 97

128 378 238 462 ellipsi
261 381 328 442 tres
353 377 474 442 similes
498 377 720 457 inueniantur3
745 382 874 462 oportet
893 382 1011 465 autem,
1034 380 1144 445 datam

130 485 273 569 ellipsim
308 505 412 568 neque
449 484 646 548 contrariam
683 507 753 549 esse
786 483 876 572 (huic
909 485 995 550 enim
1027 487 1143 552 similis

9 578 11 620 l
129 591 221 655 nulla
240 590 442 656 construitur
459 595 588 674 praeter
606 589 804 678 parallelas),
826 614 930 676 neque
949 592 1143 660 diametrum

9 695 10 746 ἓ
130 697 201 762 eius
242 701 349 762 rectae
390 719 448 781 per
484 702 516 762 E
555 702 587 761 et
623 704 656 762 Α
696 698 732 762 in
771 699 877 784 figura
919 700 992 764 coni
1028 702 1144 767 ductae

8 875 9 882 ἵ
129 803 320 888 parallelum
344 825 428 882 esse3
451 826 527 868 nam
545 805 625 869 haec
644 827 772 889 quoque
792 805 966 891 singularis
985 811 1044 893 est,
1068 809 1143 892 quia

128 915 220 976 recta
241 933 300 995 per
317 915 350 975 E
369 915 475 976 rectae
495 916 565 975 ΑΛ
586 911 742 996 parallela
760 913 858 976 ducta
876 916 968 976 extra
986 912 1143 979 circulum

129 1017 230 1101 cadit,
258 1017 376 1102 quippe
405 1039 486 1101 quae
516 1039 590 1082 eum
620 1017 802 1103 contingat,
830 1041 889 1083 nec
911 1023 1069 1103 punctum
1092 1026 1143 1085 est

129 1147 205 1189 cum
228 1128 261 1188 E
281 1123 492 1210 coniugatum
515 1127 552 1188 ut
577 1128 605 1188 0
628 1147 701 1189 cum
724 1123 755 1197 Ξ
774 1124 827 1188 uel
850 1129 890 1188 H
908 1147 981 1190 cum
1007 1130 1042 1190 Z.

198 1442 247 1507 De
274 1443 476 1527 problemate
504 1443 607 1528 igitur
633 1443 728 1508 nobis
756 1443 925 1528 proposito
954 1467 971 1508 e
993 1445 1142 1530 pluribus

128 1551 196 1616 iam
221 1573 260 1614 ea
284 1549 456 1633 sufficiant,
484 1571 564 1634 quae
589 1548 737 1633 diximus,
761 1553 890 1634 tempus
914 1556 1022 1617 autem
1044 1551 1143 1618 fuerit

5 1635 6 1638 Ἴ
130 1658 172 1722 ad
199 1656 233 1720 id
261 1655 457 1742 transgredi,
486 1656 572 1739 quod
598 1679 702 1740 nuper
725 1656 770 1741 [p
789 1657 841 1741 58,
863 1657 920 1741 25]
945 1658 1142 1744 significaui3

3 2149 4 2154 ,
128 2082 295 2168 explicans
318 2083 369 2168 iis,
393 2105 473 2167 quae
496 2082 648 2147 Euclides
672 2082 763 2168 dixit,
785 2105 851 2148 non
872 2087 1043 2150 contentus
1062 2092 1132 2151 erat

128 1765 221 1828 locus
252 1784 330 1826 uero
357 1762 438 1826 mihi
469 1762 510 1826 ad
535 1762 619 1827 hanc
647 1762 908 1848 disquisitionem
941 1765 1142 1851 digrediendi

128 1891 197 1934 non
218 1870 363 1956 ineptus,
387 1873 437 1934 est
461 1873 569 1934 autem
591 1869 653 1934 hic.

197 1976 295 2040 Pitho
328 1980 495 2062 geometra
526 1976 561 2039 in
594 1997 689 2059 opere
718 1977 858 2060 quodam
886 1999 944 2042 suo
971 1979 1142 2062 parallelas

1133 2138 1142 2172 7

3 2221 4 2276 3
129 2190 187 2254 sed
209 2211 267 2272 per
290 2188 472 2273 exemplum
490 2211 544 2253 eas
563 2189 715 2253 subtilius
736 2189 926 2269 declarauit;
949 2191 1027 2256 dicit
1046 2193 1142 2278 enim,

3 2307 4 2312 ’
126 2295 300 2382 parallelas
337 2299 442 2360 rectas
480 2317 549 2360 esse
585 2295 650 2360 tale
688 2296 822 2380 aliquid,
859 2297 970 2380 quales
1007 2299 1139 2364 umbras

3 2401 4 2440 ³
128 2403 355 2468 columnarum
380 2402 415 2465 in
438 2403 539 2466 muris
562 2401 615 2468 uel
637 2404 673 2466 in
696 2403 766 2468 solo
790 2403 875 2468 effici
898 2404 1047 2468 uidemus
1071 2404 1141 2470 face

3 2525 4 2528 ’
126 2509 182 2574 uel
209 2509 331 2573 lumine
359 2531 376 2572 e
404 2513 496 2594 parte
525 2510 676 2594 opposita
699 2510 840 2574 ardente.
884 2509 964 2574 haec
986 2509 1141 2574 irridendi

129 2616 192 2680 etsi
230 2615 380 2680 omnibus
418 2616 621 2681 occasionem
656 2616 791 2700 praebet
821 2615 1008 2699 plurimam,
1044 2616 1139 2681 nobis

128 2727 215 2788 certe
228 2722 427 2787 irridendum
441 2745 508 2787 non
522 2726 571 2786 est
584 2726 717 2806 propter
729 2720 945 2786 reuerentiam
956 2720 1140 2805 scriptoris3

126 2829 227 2893 homo
265 2828 351 2893 enim
387 2828 518 2894 amicus.
574 2829 629 2893 sed
661 2827 848 2913 uidendum,
884 2829 1044 2912 quomodo
1077 2829 1140 2894 hoc

125 2934 356 3000 mathematice
384 2958 418 3000 se
445 2935 573 3000 habeat.
619 2939 652 3000 et
679 2935 825 3018 quaestio
857 2939 906 2998 est
934 2935 975 2999 ab
1003 2935 1044 3000 iis
1072 2957 1139 3000 non

123 3039 242 3124 aliena,
257 3061 338 3124 quae
352 3040 405 3105 hic
418 3041 597 3125 praemissa
611 3045 700 3119 sunt;
714 3063 789 3105 nam
804 3041 890 3124 quod
899 3041 1139 3127 proposuimus,

125 3168 185 3230 per
208 3168 246 3210 ea
269 3147 553 3212 demonstrabitur.

125 3327 220 3334 .—

122 3453 208 3500 τοῢτο
227 3465 254 3514 p.
344 3451 386 3500 21.
406 3449 545 3518 πλεῖστον]
564 3447 772 3511 πλεῑΙπλεῖστον
790 3447 823 3502 V.
899 3446 978 3517 ἡμῖν]
997 3463 1072 3516 vop,
1096 3455 1139 3501 -ῑν

126 3531 206 3571 euan.
226 3517 259 3572 V.
315 3522 357 3570 22.
377 3515 461 3590 ἁνήρ]
480 3518 552 3586 ἀνήρ
571 3518 604 3586 V,
624 3517 638 3572 ὁ
657 3517 730 3586 ἀνήρ
749 3535 771 3572 c.
828 3523 869 3574 25.
889 3517 1138 3589 ἀποδειχθήσεται]

125 3603 201 3656 vcp,
221 3587 297 3656 -ήσε-
317 3603 332 3641 e
351 3604 420 3642 corr.
440 3593 485 3659 (ex
503 3592 559 3658 q..)
578 3607 613 3643 m.
635 3595 649 3643 1
668 3589 702 3643 V.
