2594 3878
185 221 248 282 174
493 222 581 272 ΠΕΡΙ
599 221 729 273 mor
746 221 883 274 rom.

183 365 356 448 ἐλάχιστον
378 361 415 429 οὲ
436 365 475 428 τὸ
497 366 581 450 πρὸς
602 364 710 449 ὀρθὰς
728 375 770 449 τῇ
787 365 882 447 βάσει
904 373 965 428 τοῦ
983 365 1105 447 κώνου,
1129 376 1198 430 τῶν

183 469 220 536 δὲ
247 476 373 535 λοικών
398 472 437 536 τὸ
470 480 530 535 τοῦ
556 475 714 555 μεγίστου
745 474 860 553 ἔγγιον
891 473 1003 555 μεῖζόν
1033 470 1104 535 ἐστι
1135 481 1197 536 τοῦ

184 575 363 664 ἀπώτερον.

250 683 287 748 ἐν
317 686 381 770 γὰρ
408 686 505 772 κώνῳ
532 690 685 772 σκαληνῷ
712 685 769 748 διὰ
794 693 856 748 τοῦ
878 689 945 749 AB
972 681 1090 761 ἄξονος
1113 687 1195 748 ἔστω

148 793 343 874 ὀτρίγωνα,
377 789 541 868 ἰσοσκελὲς
567 787 629 875 μὲν
650 792 688 856 τὸ
712 798 745 855 Α
751 794 830 873 ΓΔ,
857 791 966 874 ὀρθὸν
993 788 1031 855 δὲ
1052 791 1137 874 πρὸς
1159 792 1194 855 τὸ

183 907 241 981 τῆς
262 898 389 981 βάσεως
408 897 564 962 ἐπίπεδον
582 899 619 962 τὸ
637 902 747 962 ΑΕΖ.
784 896 880 981 λέγω,
903 898 954 962 ὅτι
972 898 1108 962 πάντων
1128 908 1194 961 τῶν
1279 939 1280 942 =

184 1004 241 1068 διὰ
262 1013 323 1069 τοῦ
345 1003 464 1082 ἄξονος
485 1005 659 1090 τριγώνων
681 1003 838 1089 μέγιστον
859 1003 921 1088 μέν
943 1004 1068 1068 ἔστιτὸ
1087 1006 1193 1086 ΑΓΔ,
1280 993 1281 1026 ³

183 1108 355 1195 ἐλάχιστον
379 1107 416 1176 δὲ
438 1113 476 1176 τὸ
499 1116 608 1176 AEZ.

250 1221 333 1283 ἔστω
360 1219 424 1300 γὰρ
451 1219 508 1283 ἄιᾶ
534 1227 595 1283 τοῦ
620 1217 738 1296 ἄξονος
759 1217 904 1302 ἠγμένον
926 1219 1008 1282 ἄλλο
1030 1221 1194 1302 τρίγωνον
1280 1263 1281 1274 ι

132 1336 165 1385 10
183 1325 221 1390 τὸ
240 1329 357 1389 ΛΗΘ.
393 1323 448 1389 καλ
467 1324 536 1391 ἐπεὶ
554 1326 717 1409 σκαληνὸς
732 1325 751 1390 ὁ
769 1337 886 1408 κῶνος,
908 1328 1073 1390 κεκλίσθω
1092 1324 1110 1390 ὁ
1130 1328 1193 1389 AB

184 1430 272 1509 ἄξων
304 1429 358 1496 ἐπὶ
388 1433 429 1496 τᾶ
455 1441 516 1496 τοῦ
547 1437 575 1496 Ζ
606 1432 702 1518 μέρη·
738 1435 874 1516 μεγίστη
900 1429 962 1516 μὲν
987 1433 1053 1516 ἄρα
1079 1430 1101 1514 ἡ
1130 1435 1196 1495 ΛΕ
1281 1481 1282 1498 ,

183 1539 310 1622 πλενρᾶ
338 1549 453 1603 ιτωσῶν
480 1550 547 1603 τῶν
574 1539 638 1604 ἄτιὸ
665 1547 725 1602 τοῦ
749 1545 781 1602 A
812 1537 867 1604 ἐπὶ
893 1541 955 1622 τὴν
980 1538 1194 1624 περιφέρειαν
1281 1527 1282 1544 ’

184 1643 356 1728 ἄγομένων
374 1645 527 1729 εὐθειῶν,
550 1645 702 1730 ἐλαχίστη
722 1642 758 1709 δὲ
776 1644 796 1728 ἡ
815 1650 890 1709 AZ.
927 1646 948 1729 ἡ
966 1642 1027 1730 μὲν
1045 1647 1111 1731 ἄρα
1129 1649 1201 1722 ΕΑ,

183 1760 241 1835 τῆς
268 1755 345 1816 AH
371 1755 489 1836 μείζων
516 1751 621 1834 ἐστίν,
652 1751 673 1834 ἡ
701 1748 738 1816 δὲ
767 1756 832 1816 ZA
863 1761 921 1836 τῆς
947 1758 980 1815 A
987 1756 1016 1816 Θ
1043 1750 1194 1816 ἐλάττων.
1281 1773 1283 1778 ·

132 1873 165 1920 15
185 1857 253 1924 ἐπεὶ
272 1854 335 1925 οὖν
353 1859 415 1924 δύο
433 1862 579 1944 τρίγωνα
598 1860 638 1922 τὰ
662 1863 766 1944 ΑΕΖ,
782 1865 815 1922 Α
820 1862 859 1922 Η
861 1863 890 1922 Θ
909 1863 982 1934 ἴσας
1000 1861 1065 1942 ἔχει
1084 1859 1194 1942 βάσεις

184 1966 242 2042 τὰς
264 1969 338 2049 EZ,
357 1969 396 2030 Η
399 1970 428 2030 Θ
449 1964 505 2030 καὶ
528 1966 589 2049 τὴν
607 1965 671 2030 ἀπὸ
694 1974 752 2048 τῆς
773 1974 924 2050 κορυφῆς
946 1963 999 2030 ἐπὶ
1022 1965 1084 2048 τὴν
1107 1967 1194 2049 διχο-

184 2075 302 2155 τομίαν
329 2081 386 2156 τῆς
412 2072 539 2156 βάσεως
565 2073 626 2155 τὴν
654 2072 759 2155 αὐτὴν
785 2073 847 2156 τὴν
870 2076 952 2154 AB,
979 2069 1035 2136 καὶ
1064 2075 1195 2155 μείζονα

184 2180 285 2260 λόγον
312 2181 377 2262 ἔχει
404 2177 425 2261 ἡ
452 2182 522 2242 ΑΕ
546 2179 630 2260 πρὸς
656 2182 722 2242 ΑΖ
749 2179 831 2264 ἤπερ
859 2176 880 2260 ἡ
909 2182 980 2242 HA
1006 2179 1090 2264 πρὸς
1118 2181 1195 2261 ΑΘ,

185 2287 321 2351 ἔλαττον
339 2286 403 2370 ἄρα
422 2282 491 2349 ἐστὶ
509 2285 546 2349 τὸ
565 2288 666 2348 ΑΕΖ
684 2293 744 2349 τοῦ
763 2288 836 2348 HA
842 2289 879 2349 Θ.
914 2284 1035 2368 ὁμοίως
1054 2280 1091 2348 δὲ
1110 2285 1195 2349 δείκ-

131 2405 166 2454 20
184 2416 292 2477 νυτοιι,
315 2392 366 2458 ὅτι
388 2389 443 2457 καὶ
466 2391 601 2456 πάντων
621 2402 688 2456 τῶν
706 2392 762 2455 διὰ
787 2400 847 2455 τοῦ
870 2388 988 2468 ἄξονος
1009 2392 1194 2477 τριγώνων·

185 2500 359 2586 ἐλάχιστον
386 2500 450 2585 ἄρα
478 2499 515 2564 τὸ
539 2503 607 2563 ΕΑ
613 2502 641 2562 Ζ
667 2497 802 2562 πάντων
825 2509 893 2562 τῶν
915 2498 972 2562 διὰ
994 2506 1054 2562 τοῦ
1078 2496 1195 2576 ἄξονος

183 2609 365 2694 τριγώνων.
403 2607 504 2672 πάλιν
527 2603 596 2670 ἐπεὶ
618 2615 686 2670 τῶν
703 2608 826 2687 ΑΗΘ,
844 2607 946 2668 ΑΓΛ
968 2605 1143 2689 τριγώνων
1162 2604 1197 2668 οἵ

184 2736 218 2778 τε
241 2713 354 2797 βᾶσεις
377 2720 446 2779 ἶσαι
472 2711 528 2778 καὶ
553 2713 574 2796 ἡ
602 2711 666 2777 ἄττὸ
693 2721 751 2795 τῆς
772 2720 923 2796 κορυφῆς
951 2709 1003 2775 ἐπὶ
1025 2711 1086 2794 τὴν
1110 2712 1195 2794 διχο-

68 2833 71 2840 ’
183 2823 303 2904 τομίων
324 2829 383 2903 τῆς
405 2820 531 2903 βάσεως
553 2818 573 2901 ἡ
597 2818 695 2902 αὐτή,
717 2815 773 2882 καὶ
796 2821 861 2902 ἔχει
884 2817 904 2901 ἡ
928 2821 1000 2881 HA
1021 2818 1105 2902 πρὸς
1128 2823 1161 2881 A
1168 2821 1195 2881 Θ

132 2940 165 2989 25
184 2929 316 3010 μείζονα
338 2929 439 3008 λόγον
461 2927 544 3011 ἥπερ
567 2923 588 3008 ἡ
608 2928 669 2990 ΓΑ
691 2925 773 3011 πρὸς
791 2930 872 2989 ΑΛ·
898 2930 966 2988 [σαι
989 2925 1052 3011 γὰρ
1071 2926 1110 2989 αἶ
1126 2927 1194 3006 ΓΑ,

256 3232 280 3282 3.
304 3224 461 3294 ἀπώτερον]
479 3242 511 3293 p,
539 3223 678 3292 ἄτότερον
696 3222 745 3277 Vc.
833 3229 874 3278 10.
904 3223 1007 3294 ὑφή]
1031 3222 1106 3279 ἐστιν
1130 3223 1145 3278 ὁ
1167 3241 1192 3293 p.

220 3295 370 3368 κικλλσθο]
388 3315 421 3367 p,
444 3297 597 3350 κεκλείσᾶω
620 3295 697 3349 ch.
789 3301 831 3348 11.
851 3292 914 3365 μέν]
936 3311 1011 3364 vop,
1035 3311 1121 3364 supra
1144 3311 1193 3348 sor.

184 3388 219 3425 m.
240 3377 253 3424 1
269 3369 301 3425 V.
359 3375 400 3423 14,
414 3373 437 3422 A
444 3367 487 3437 H]
507 3371 537 3420 H
553 3365 727 3420 sustulerunt
740 3382 848 3420 uermes
863 3366 893 3419 in
912 3383 934 3420 ο.
993 3371 1034 3420 17.
1048 3365 1101 3434 τήν
1110 3365 1182 3435 (alt.)

184 3449 252 3521 vno.
309 3446 350 3495 19.
366 3441 452 3494 ΗΛΘ
478 3440 566 3492 ΑΗΘ
579 3455 606 3506 p.
662 3435 1182 3506 21.ἐλάχιστον-22.τριγώνων(Ρτ.)

184 3511 293 3651 ὶῙιριΑρΑ
343 3516 384 3564 22.
405 3509 453 3564 ἔτι
500 3527 531 3578 p,
554 3507 604 3562 ἐπί
619 3507 672 3560 Vc.
752 3513 794 3560 23.
815 3507 884 3579 ἴσαι]
904 3506 962 3562 λ’σοιι
981 3505 1033 3560 εἰσί
1051 3525 1078 3576 p.
1153 3512 1194 3560 λλ.

312 3596 414 3635 eeorr.
433 3598 460 3649 p.
