2574 3882
159 223 202 287 52
430 225 517 276 ΠΕΡΙ
534 223 749 276 ΚΤΛΙΝΔΡΟΤ
767 225 907 276 ΤΟΜΗΣ.’

159 365 347 451 βανομὲνην
369 369 452 452 πρὸς
469 376 508 452 τῇ
527 376 609 451 τομῇ
629 365 780 432 ἐλλεῖπον
798 368 879 432 εῖδει
898 366 1000 454 ὁμοίω
1019 377 1065 454 τῷ
1084 389 1174 451 περι-

160 473 303 561 εχομένῳ
332 473 396 538 ὑπὸ
425 483 482 557 τῆς
505 472 684 559 διαμέτρου
706 473 762 539 καὶ
785 483 843 558 τῆς
865 477 977 559 τρίτης
1000 472 1173 556 ἀνάλογον.

229 601 310 662 ε”στω
343 599 525 684 κυλίνδρου
558 600 657 682 τομή,
684 593 723 680 ἧς
751 598 926 684 διάμετρος
954 594 1015 682 μὲν
1051 597 1070 681 ἡ
1099 602 1174 681 ΑΒ,

161 703 298 789 δευτέρα
328 700 364 768 δὲ
391 704 566 789 διάμετρος
588 703 608 786 ἡ
634 707 712 787 ΓΔ,
735 702 790 768 καὶ
813 703 973 787 γενέσθω,
997 704 1042 780 ὡς
1064 705 1085 788 ἡ
1109 709 1173 769 ΑΒ

126 823 142 870 5
161 811 244 896 πρὸς
262 813 323 894 τὴν
343 814 418 894 ΓΛ,
437 810 543 887 οὕτως
561 809 581 892 ἡ
602 814 665 874 ΓΔ
687 812 771 896 πρὸς
793 812 854 894 την
873 815 954 893 ΑΗ,
977 809 1032 875 καὶ
1050 814 1173 876 κείσθω

160 917 180 1000 ἡ
205 922 281 981 ΑΗ
299 919 382 1003 πρὸς
404 916 511 1001 ὀρθὰς
533 927 573 1002 τῇ
592 921 669 1000 ΑΒ,
691 915 746 981 καὶ
770 916 955 1000 ἐπεζεύχθω
978 917 998 1000 ἡ
1017 922 1097 1000 ΒΗ,
1120 917 1173 993 καὶ

161 1023 213 1089 ἐπὶ
242 1026 303 1108 τὴν
331 1029 397 1088 ΑΒ
424 1025 519 1107 ἤχθω
547 1022 751 1107 τεταγμένως
778 1023 798 1107 ἡ
822 1027 900 1106 ΕΖ,
925 1021 980 1088 καὶ
1003 1026 1093 1109 παρὰ
1115 1026 1174 1108 μὲν

160 1133 221 1215 τὴν
244 1135 321 1196 ΑΗ
339 1131 359 1214 η
385 1135 462 1214 ΖΘ,
490 1131 579 1215 παρὰ
603 1126 640 1194 δὲ
662 1131 723 1213 την
747 1133 813 1194 ΑΖ
836 1129 857 1212 ἡ
883 1133 956 1195 ΘΚ.
1002 1129 1101 1213 λέγω,
1125 1132 1174 1196 ὅτι

160 1239 196 1302 τὸ
225 1237 289 1301 ἀπὸ
317 1247 375 1320 τῆς
397 1241 461 1300 EZ
485 1243 559 1302 ἴσον
582 1235 650 1302 ἐστὶ
674 1245 719 1323 τῷ
744 1243 775 1300 Α
783 1240 812 1300 Θ
834 1239 1174 1325 παραλληλογράμμῳ.

113 1373 145 1420 10
232 1359 315 1443 ἐπεί,
348 1361 392 1436 ὡς
419 1362 456 1425 τὸ
485 1361 548 1425 ἀπὸ
576 1370 634 1444 τῆς
656 1365 724 1425 ΑΒ
753 1362 836 1444 πρὸς
863 1362 899 1426 τὸ
928 1361 991 1426 ιἰπὸ
1018 1371 1076 1446 τῆς
1101 1365 1175 1446 ΓΔ,

162 1467 267 1542 οὕτως
289 1466 309 1548 ἡ
330 1471 395 1531 ΑΒ
413 1468 496 1552 πρὸς
514 1469 575 1551 τὴν
594 1471 674 1552 ΑΗ,
693 1466 863 1532 τουτέστιν
881 1467 901 1550 ἡ
920 1472 985 1532 ΒΖ
1003 1469 1086 1550 πρὸς
1107 1473 1175 1552 ΖΘ,

162 1571 234 1637 ἀλλ’
265 1573 310 1648 ὡς
337 1569 397 1656 μὲν
423 1574 461 1637 τὸ
490 1573 554 1638 ἀπὸ
582 1583 640 1657 τῆς
667 1577 733 1638 ΑΒ
760 1576 843 1660 πρὸς
870 1576 907 1639 τὸ
931 1574 994 1640 ἀπὸ
1018 1584 1075 1658 της
1100 1579 1175 1659 ΓΛ,

162 1678 267 1755 οὕτως
289 1681 326 1744 τὸ
349 1679 414 1744 ὑπὸ
434 1683 507 1764 ΒΖ,
528 1685 593 1744 ΖΑ
615 1682 698 1766 πρὸς
718 1682 755 1746 τὸ
774 1680 838 1748 ἀπὸ
857 1685 930 1764 ΕΖ,
954 1681 999 1757 ὡς
1017 1679 1092 1765 δέἡ
1113 1687 1176 1747 ΒΖ

161 1787 244 1871 πρὸς
269 1791 346 1869 ΖΘ,
374 1786 480 1864 οὕτως
507 1788 544 1851 τὸ
568 1788 634 1852 ὑπὸ
657 1792 733 1871 ΒΖ,
758 1793 823 1852 ΖΑ
846 1789 929 1874 πρὸς
951 1789 988 1852 τὸ
1010 1788 1075 1854 ὑπὸ
1103 1795 1175 1875 ΘΖ,

109 1905 141 1952 15
163 1897 237 1976 ZA,
261 1892 409 1958 τουτέστι
432 1895 469 1958 τὸ
493 1901 524 1958 Α
532 1898 561 1959 Θ
582 1897 939 1980 παραλληλόγραμμον,
963 1895 999 1960 τὸ
1023 1898 1087 1981 ἄρα
1111 1896 1175 1964 ἀπὸ

160 2007 218 2082 τῆς
236 2004 299 2064 ΕΖ
324 2006 397 2065 ἴσον
415 1999 484 2065 ἐστὶ
502 2010 547 2089 τῷ
568 2005 650 2086 ΑΘ,
669 2001 686 2066 ὃ
705 2001 898 2086 παράκειται
916 2003 1005 2088 παρὰ
1023 2004 1084 2086 τὴν
1102 2009 1179 2069 ΑΗ

160 2109 275 2190 τρίτην
303 2106 468 2189 ιἰνοίλογον
494 2109 616 2184 πλάτος
643 2111 719 2191 έχον
746 2109 807 2192 τὴν
830 2113 896 2172 ΑΖ
920 2108 1071 2174 ἐλλεῖπον
1093 2111 1174 2175 εῖδει

160 2221 205 2300 τῷ
228 2211 293 2277 ὑπὸ
316 2217 424 2278 HK&
447 2213 549 2301 ὁμοίω
573 2223 619 2301 τῷ
641 2213 706 2279 ὑπὸ
730 2218 845 2279 ΗΑΒ.

226 2341 392 2402 καλείσθω
412 2335 449 2402 δὲ
466 2337 487 2422 ἡ
506 2335 566 2422 μέν
583 2343 615 2402 A
621 2343 649 2402 Β
667 2343 811 2421 πλαγία
830 2347 890 2403 τοῦ
909 2340 1020 2416 εἴδους
1037 2342 1173 2428 πλευροί,

108 2443 181 2526 2οἡ
205 2439 242 2507 δὲ
265 2449 342 2508 ΑΗ
360 2443 480 2531 ὀρθία
503 2453 563 2508 τοῦ
586 2445 697 2521 εἴδους
719 2444 853 2531 πλευρά.

230 2571 364 2634 Τούτων
387 2569 493 2645 οὕτως
516 2569 659 2653 ἐχόντων
677 2572 824 2655 φανερόν
843 2568 942 2653 ἐστιν,
964 2570 1014 2634 ὅτι
1033 2571 1053 2656 η
1073 2576 1178 2638 ΑΒΓ

158 2684 217 2740 τοῦ
245 2678 426 2762 κυλίνδρου
450 2677 531 2760 τομὴ
556 2679 698 2753 ἔλλειψίς
722 2674 824 2740 ἐστιν·
854 2676 915 2740 ὅσα
938 2677 1001 2763 γὰρ
1026 2677 1173 2745 ἐνταῦθα

158 2791 197 2866 τῇ
225 2793 307 2867 τομη
341 2782 474 2866 ἐδείχθη
505 2782 711 2868 ὑπάρχοντα,
745 2782 852 2847 πάντα
885 2781 1006 2866 ὁμοίως
1037 2783 1091 2850 καλ
1120 2785 1174 2852 ἐπὶ

159 2897 218 2952 τοῦ
242 2889 352 2952 κώνου
376 2899 415 2974 τῇ
439 2887 580 2965 ἐλλείψει
603 2889 764 2973 ὑπῆρχεν,
788 2889 833 2965 ὡς
856 2887 893 2953 ἐν
916 2901 986 2966 τοῖς
1007 2894 1174 2971 Κωνικοῖς

109 3007 142 3055 25
162 2996 329 3058 δείκνυται
358 2995 549 3080 θεωρήματι
580 2994 620 3059 ιε’
653 3007 723 3071 τοῖς
750 2994 949 3080 δυναμένοις
976 2996 1085 3079 λέγειν
1112 3002 1174 3084 τὴν

162 3100 332 3186 ἀκρίβειαν
355 3110 415 3165 τοῦ
438 3103 665 3187 θεωρήματος,
689 3099 743 3166 καὶ
766 3100 858 3186 ἡμεῖς
882 3101 918 3168 έν
936 3115 1005 3180 τοῖς
1023 3107 1071 3182 είς
1089 3106 1174 3172 αὐτὰ

160 3209 372 3293 ὑπομνήμασι
395 3216 618 3293 γεωμετρικῶς
640 3206 862 3293 ἀπεδείξαμεν.

232 3438 505 3526 5.ΑΗ]εοοετ.μ.
561 3435 1050 3526 9.65n6]vcp,&-ecorr.m.1V.
1107 3444 1172 3514 ΕΖ]

163 3511 286 3562 ΕΤΖο.
361 3513 402 3561 10,
422 3506 494 3579 ἐπει]
514 3506 574 3560 ἐπεὶ
593 3527 645 3576 γαρ
664 3526 690 3576 p.
765 3513 806 3562 11.
829 3509 897 3579 ΖΘ]
916 3507 967 3576 τὴν
989 3512 1174 3582 ΖΘΡ(οιιυι

162 3577 232 3631 alibi
250 3577 307 3632 fere
325 3581 390 3647 post
407 3577 477 3647 πρός
496 3576 645 3632 articulum
664 3577 795 3648 omittat).
855 3584 895 3632 13.
918 3583 966 3632 ΖΑ
985 3613 1020 3620 -
1035 3583 1097 3654 ΒΖ]
1117 3600 1173 3639 om.
