2594 3878
174 198 238 262 170
482 197 572 248 nm
590 194 720 247 mor
736 194 874 247 τοιιΗΣ.

172 341 236 406 ἀπὸ
259 343 366 406 ΑΒΓ
387 337 627 427 συναμφοτέρῳ
655 348 701 426 τῳ
728 338 793 402 ἀπὸ
816 341 922 402 ΕΖΗ
949 343 1035 402 ἴσον·
1067 336 1186 404 καὶτὸ

172 448 237 513 ἀπὸ
260 449 329 512 ΒΓ
351 448 416 532 ἄρα
438 456 484 530 τῷ
508 445 571 512 ἀπὸ
596 449 669 510 ΖΗ
693 451 775 510 ἴσον.
821 447 905 510 ὥστε
927 443 983 510 καὶ
1006 447 1126 512 λοιπὸν
1147 448 1186 512 τὸ

173 553 236 620 ἀπὸ
259 558 325 618 ΑΒ
349 559 453 642 λοιπῷ
476 563 521 641 τῷ
544 553 609 618 ἀπὸ
628 557 692 617 ΕΖ
715 559 801 618 ἴσον·
826 559 881 636 ἴση
904 556 969 638 ἄρα
991 554 1012 638 ἡ
1034 551 1097 638 μὲν
1118 561 1186 620 ΑΒ

172 669 212 746 τῇ
235 665 313 744 ΕΖ,
343 660 364 744 ἡ
388 656 425 725 δὲ
443 663 511 724 ΒΓ
533 669 572 745 τῇ
597 664 674 725 ΖΗ.
720 660 804 725 ἀλλὰ
830 659 886 725 καὶ
909 663 946 726 αἱ
966 662 1079 745 βάσεις
1102 669 1185 728 ῐσιιι·

138 765 279 832 σπάνια
307 768 372 851 ἄρα
398 776 501 832 πᾶσιν
524 772 587 831 ι’σοι.
639 773 713 832 ἴσον
741 769 805 852 ἄρα
831 769 869 832 τὸ
892 772 998 833 ΑΒΓ
1019 773 1185 853 τρίγωνον

173 883 218 961 τῳ
246 877 364 938 ΕΖΗ·
398 874 477 959 ὅπερ
510 875 647 939 ἄτοπον·
680 868 723 956 ἦν
749 869 812 960 γὰρ
840 878 977 940 ἔλαττον
1009 877 1047 941 τὸ
1077 881 1184 942 ΑΒΓ.

173 981 234 1046 οὐκ
253 979 434 1066 ἄραὴΑΒ
452 981 821 1066 πρὸςΒΓλόνονέχει,
840 981 992 1066 δνὴΕΖ
1009 985 1185 1070 πρὸςΖΗ.

239 1087 324 1172 ἀλλ’,
352 1089 383 1152 εἰ
405 1089 561 1171 δυνατόν,
584 1086 681 1171 ἐχέτω
705 1087 725 1170 ἡ
748 1092 813 1154 ΑΒ
836 1091 919 1174 πρὸς
941 1093 1011 1154 ΒΓ
1028 1089 1186 1156 ἐλάττονα

173 1198 273 1278 λόγον
301 1196 383 1280 ἤπερ
411 1196 431 1279 ἡ
458 1199 522 1260 ΕΖ
549 1195 633 1280 πρὸς
661 1198 746 1258 ΖΗ·
775 1193 796 1277 ἡ
824 1200 888 1260 ΕΖ
914 1197 980 1282 ἄρα
1006 1199 1090 1282 πρὸς
1118 1203 1191 1264 ΖΗ

122 1321 155 1369 10
173 1305 304 1386 μείζονα
332 1304 434 1385 λόγον
461 1304 526 1386 ἔχει
558 1302 641 1387 ἢπερ
673 1300 694 1384 ἡ
721 1306 787 1366 ΑΒ
819 1304 902 1389 πρὸς
929 1306 998 1368 ΒΓ.
1050 1305 1089 1370 τὸ
1122 1307 1186 1391 ἄρα

173 1413 281 1473 ΕΖΗ
299 1412 464 1494 τρίγωνον
487 1411 623 1474 ἔλαττόν
645 1407 714 1473 ἐστι
736 1418 796 1473 τοῦ
819 1413 925 1476 ΑΒΓ
950 1411 1006 1475 διδ
1035 1412 1076 1476 τδι
1100 1412 1185 1496 δειχ-

172 1515 289 1582 θέντα·
319 1516 398 1602 ὅπερ
426 1517 563 1580 ἄτοπον·
590 1513 741 1580 ὑπέκειτο
769 1516 832 1602 γὰρ
860 1519 979 1600 μεῖζον.
1031 1518 1093 1583 οὐκ
1121 1521 1185 1605 ἄρα

172 1621 193 1704 ἡ
212 1626 278 1687 ΑΒ
301 1623 384 1706 πρὸς
403 1624 471 1686 ΒΓ
489 1620 647 1686 έλιέττονιι
668 1624 770 1704 λόγον
788 1625 852 1705 ἔχει
870 1624 953 1709 ἥπερ
976 1623 997 1706 ἡ
1015 1629 1079 1690 ΕΖ
1102 1627 1185 1712 πρὸς

174 1733 250 1794 ΖΗ.
288 1729 422 1813 ἐδείχθη
442 1726 489 1812 δέ,
513 1728 563 1794 ὅτι
587 1725 665 1793 οὐδὲ
683 1729 742 1793 τὸν
761 1729 876 1794 αὐτόν·
900 1728 1001 1812 ἡΑΒ
1020 1733 1084 1817 ἄρα
1102 1734 1184 1819 πρὸς

121 1853 155 1901 15
175 1840 243 1902 ΒΓ
260 1840 391 1922 μείζονα
414 1839 515 1919 λόγον
538 1839 603 1920 ἔχει
625 1836 708 1921 ἥπερ
731 1835 752 1919 ἡ
775 1840 839 1900 ΕΖ
861 1837 945 1923 πρὸς
969 1841 1044 1902 ΖΗ.

649 2065 713 2150 κβ’.

161 2241 164 2250 .
244 2193 310 2257 mv
329 2189 472 2256 δοθέντα
491 2201 599 2256 κῶνον
619 2193 784 2274 σκαληνὸν
802 2203 911 2276 τεμεῖν
935 2193 991 2256 διδι
1009 2202 1067 2276 τῆς
1084 2217 1182 2280 κορυ-

166 2309 238 2384 φῆς
258 2297 399 2386 ἐπιπέδῳ
418 2305 571 2362 ποιοῦντι
592 2295 691 2385 ἐντῷ
710 2299 806 2386 κώνῳ
825 2302 990 2384 τρίγωνον
1010 2300 1182 2377 ἰσοσκελές.

240 2409 322 2472 ἔστω
341 2405 359 2471 ὁ
379 2402 493 2480 δοθεὶς
511 2415 617 2480 κῶνος
635 2407 806 2487 σκαληνός,
829 2400 871 2470 οὗ
889 2404 977 2482 ἄξων
994 2402 1055 2490 μὲν
1073 2407 1091 2472 ὁ
1106 2415 1139 2473 Α
1145 2413 1183 2492 Β,

121 2529 154 2578 20
173 2514 268 2599 βάσις
292 2509 328 2578 δὲ
352 2512 376 2578 ὁΙ
390 2515 488 2577 ΓΕΔ
510 2512 639 2596 κύκλος,
661 2509 717 2576 καὶ
740 2509 818 2576 δέον
841 2513 923 2576 ἔστω
942 2523 1052 2597 τεμεῖν
1070 2513 1182 2598 αὐτόν,

172 2621 217 2698 ὡς
240 2619 451 2686 ἐπιτέτακται.

238 2731 411 2812 τετμήσθω
438 2736 571 2812 πρῶτον
599 2725 655 2790 διὰ
682 2733 742 2789 τοῦ
770 2723 887 2802 ἄξονος
914 2735 959 2813 τῷ
983 2731 1015 2790 Α
1021 2729 1088 2791 ΓΔ
1116 2727 1183 2793 ἐπι-

172 2834 260 2923 πέδῳ
283 2835 366 2920 πρὸς
388 2833 494 2918 ὀρθὰς
517 2834 589 2898 ὄντι
616 2841 662 2920 τῷ
687 2835 786 2896 ΓΕΔ
812 2835 939 2920 κύκλῳ,
965 2831 1020 2897 καὶ
1044 2833 1182 2918 ἤχθωὴ

173 2945 249 3006 ΑΗ
263 2941 412 3022 κάθετος,
434 2939 507 3021 ἥτις
524 2942 634 3003 πίπτει
653 2936 706 3003 ἐπὶ
724 2939 785 3022 τὴν
805 2942 869 3004 ΓΛ
887 2939 987 3023 βάσιν
1005 2948 1065 3004 τοῦ
1084 2945 1183 3006 ΑΓΛ

120 3063 154 3112 25
173 3048 352 3134 τριγώνου,
379 3043 435 3109 καὶ
462 3053 502 3130 τῇ
532 3048 596 3109 ΓΔ
626 3046 710 3130 πρὸς
736 3045 843 3131 ὀρθὰς
871 3047 966 3131 ἤχθω
996 3045 1031 3111 ἐν
1054 3056 1100 3136 τῷ
1124 3056 1183 3112 τοῦ

171 3155 295 3220 κύκλον
324 3149 465 3239 ἐπιπέδῳ
493 3149 513 3234 ἡ
542 3155 620 3235 ΕΖ,
647 3150 702 3216 καὶ
730 3152 786 3216 διὰ
813 3161 871 3236 τῆς
897 3157 960 3217 ΕΖ
987 3151 1043 3218 καὶ
1071 3163 1130 3238 τῆς
1152 3160 1184 3219 Α

171 3269 321 3348 κορυφῆς
357 3257 569 3342 ἐκβεβλήσθω
603 3260 640 3324 τὸ
674 3259 830 3324 ἐπίπεδον
861 3269 982 3325 ποιοῦν
1013 3261 1050 3325 τὸ
1083 3266 1184 3326 ΑΕΖ

245 3495 267 3543 1.
283 3487 339 3542 ἀπό
348 3487 422 3558 (pr.)]
433 3486 489 3540 ἀπὸ
499 3493 548 3555 τῆς
557 3504 584 3555 p.
635 3487 738 3557 ΕΖΗ]
753 3494 801 3556 τῆς
816 3489 877 3555 ΕΖ,
890 3491 948 3540 ΖΗ
953 3506 980 3556 p.
1032 3487 1105 3562 ἴσον]
1122 3488 1184 3544 ἴσον

173 3557 264 3627 έστέρ.
310 3561 362 3612 καί
370 3563 437 3611 -2,
451 3555 524 3628 ἴσον]
540 3573 592 3611 om.
604 3573 626 3611 ο.
684 3564 706 3610 1.
719 3556 762 3628 τό]
773 3561 846 3628 τῷμ.
898 3563 922 3612 2.
935 3558 1061 3630 τμητός).
1109 3558 1183 3632 ἴσον]
