2594 3878
153 241 217 304 110
422 241 510 296 ΠΕΡΙ
527 240 742 292 Κυλιειεεου
761 241 897 293 ΤοαΗΣ.

218 385 250 447 εί
274 384 337 469 γὰρ
366 383 526 467 δυνατόν,
554 381 656 466 ἡκέτω
681 381 773 461 ἐκτὸς
795 384 878 448 κατὰ
900 384 937 448 τὸ
964 387 995 447 Φ
1017 394 1169 467 σημεῖον,
1295 421 1296 424 ¹

151 487 206 554 καλ
230 491 359 574 διήχθω
382 491 403 574 ἡ
426 495 503 556 ΑΗ
510 495 547 554 Ψ
566 491 692 555 εύθεῖα.
738 488 807 555 ἐπεὶ
835 486 897 555 οὖν
919 491 1001 555 κατὰ
1023 491 1060 555 τὸ
1084 511 1168 575 προ-

152 593 286 680 δειχθέν
314 597 429 662 εὐθεῖαί
456 622 506 673 τις
533 596 596 663 ἀπὸ
627 607 684 680 της
706 605 856 726 κορυφῆς
878 596 898 679 ἡ
922 601 1002 661 ΑΨ
1021 595 1167 681 ἀγομένη

123 701 260 787 τέμνει
282 705 343 787 την
364 709 429 768 ΖΛ
452 704 599 787 εὐθεῖαν,
622 705 705 769 ὥστε
727 699 823 787 εἶναι,
847 701 891 779 ώς
913 705 974 786 την
995 707 1059 768 ΖΛ
1081 705 1167 789 πρὸς

117 811 213 892 οτην
235 814 312 893 ΛΕ,
336 810 441 887 οὑτως
463 812 524 894 την
548 814 620 875 ΖΗ
638 811 721 894 πρὸς
743 811 804 894 τὴν
826 813 906 893 ΗΕ,
929 807 983 874 καλ
1007 813 1068 894 τὴν
1087 816 1166 875 ΜΔ

151 917 216 1001 ώρα
244 915 409 999 ἀνάλογον
436 915 553 1001 τέμνει.
600 915 644 992 ώς
667 918 731 1002 ἄρα
753 915 774 999 ἡ
797 920 874 981 ΜΔ
896 917 1062 1002 πρὸςν
1001 919 1062 1001 την
1085 921 1167 1000 ΔΚ,

151 1023 257 1099 οὑτως
279 1023 299 1107 η
318 1027 363 1088 Μ
369 1028 406 1087 Ψ
419 1025 502 1109 πρὸς
520 1025 581 1107 τὴν
605 1023 731 1088 ΨΚ·
712 1045 791 1108 οπερ
811 1022 990 1088 ἀδύνατον·
1013 1022 1166 1088 ὑπέκειτο

151 1128 225 1214 γάρ,
249 1127 293 1205 ώς
315 1128 335 1212 ἡ
355 1134 432 1194 ΜΔ
454 1131 537 1216 πρὸς
559 1132 620 1214 την
638 1133 718 1212 ΛΚ,
741 1130 846 1206 οὑτως
869 1128 889 1212 η
909 1134 985 1194 ΜΛ
1002 1131 1086 1216 πρὸς
1103 1131 1166 1214 τὴν

152 1239 227 1300 ΛΚ.
283 1235 303 1318 ἡ
336 1239 400 1322 ἄρα
433 1242 508 1302 ΛΗ
536 1235 756 1321 ἐκβαλλομένη
789 1235 850 1320 οὐχ
881 1234 950 1319 ἥξει
982 1235 1027 1301 δι’
1061 1239 1166 1301 ἄλλου

100 1355 132 1404 10
152 1345 289 1427 σημείου
311 1346 398 1427 πλην
421 1353 481 1408 τοῦ
504 1350 549 1408 A·
574 1345 653 1429 ὅπερ
677 1344 743 1408 ἔδει
766 1341 878 1420 δείξαι.

624 1572 687 1657 λβ’.

218 1701 266 1764 Ac
301 1698 363 1764 ἀπὸ
402 1706 461 1762 τοῦ
494 1697 598 1762 αὐτοῦ
630 1701 766 1782 σημείου
798 1707 940 1782 κωνικης
972 1697 1165 1782 έπιφαυείας

152 1807 375 1892 ἐφαπτόμεναι
407 1805 537 1870 εὐθεῖαι
568 1803 639 1869 κατ’
670 1805 839 1892 ἀμφύτερα
875 1806 915 1869 τίι
947 1803 1028 1890 μέρη
1060 1813 1164 1868 πᾶσαι

150 1912 228 1980 καθ’
259 1911 333 1989 ἑνὸς
364 1913 529 1998 τριγώνου
556 1916 709 1997 πλευρῶν
737 1911 795 1987 τὰς
824 1910 951 1996 ἐπαφεὶς
978 1919 1163 1976 ποιοῦνται.

99 2029 131 2077 15
218 2023 300 2084 ἔστω
328 2029 448 2102 κῶνος,
476 2013 516 2083 οὗ
543 2018 639 2100 βώσις
666 2014 726 2102 μὲν
754 2017 771 2082 ὁ
801 2016 876 2103 περὶ
904 2019 940 2082 τὸ
965 2025 996 2082 Α
1024 2014 1165 2101 κέντρον

149 2128 279 2210 κύκλος,
301 2126 432 2211 κορυφὴ
457 2121 493 2189 δὲ
516 2126 552 2188 τὸ
575 2128 604 2188 Β
628 2135 778 2208 σημείου,
806 2122 894 2202 ἄξων
917 2121 953 2188 ὑὲ
977 2124 997 2208 η
1020 2128 1085 2188 AB
1109 2124 1164 2188 εύ-

148 2241 239 2319 θεία,
272 2234 408 2316 σημείου
443 2229 482 2294 ὑί
506 2253 597 2305 τινος
624 2239 684 2294 τοῦ
714 2234 746 2294 Γ
767 2229 955 2314 ληφθέντος
983 2230 1074 2306 ε’κτὸς
1101 2239 1163 2294 τοῦ

60 2416 63 2420 ,
148 2341 258 2405 κώνου
286 2340 447 2423 ἤχθωσαν
474 2335 537 2401 ἀπὸ
565 2345 625 2400 τοῦ
649 2339 681 2400 Γ
704 2338 742 2400 αί
762 2339 837 2420 ΓΛ,
861 2339 925 2401 ΓΕ
947 2337 1074 2402 εὐθεῖαι
1103 2335 1164 2420 έφ-

148 2450 328 2532 απτύμεναι
359 2453 417 2529 τῆς
448 2452 508 2508 τοῦ
540 2443 650 2507 κώνου
683 2441 875 2526 ἐπιφανείας
912 2441 964 2506 ἐπὶ
1000 2444 1041 2508 τὰ
1077 2442 1164 2508 αὐτὰ

95 2563 129 2612 20
148 2553 237 2640 μέρη.
293 2551 392 2636 λέγω,
424 2551 474 2616 ὅτι
506 2550 546 2614 τὰ
574 2554 618 2633 Ε,
641 2555 674 2613 Δ
701 2561 818 2633 σημεῖα
846 2559 912 2615 τῶν
940 2548 1077 2634 ἐπαφῶν
1107 2547 1163 2613 ἐπὶ

147 2671 224 2747 μιᾶς
247 2661 381 2736 εὐθείας
405 2658 482 2723 ἐστί.

214 2769 370 2850 κατηχθω
406 2764 469 2830 ἀπὸ
498 2772 557 2828 τοῦ
586 2766 619 2827 Γ
649 2764 784 2846 σημείου
814 2759 866 2825 ἐπὶ
893 2762 954 2845 τὴν
982 2765 1048 2826 AB
1077 2763 1164 2846 πρὸς

148 2873 254 2958 ὀρθὰς
277 2871 297 2954 η
323 2874 394 2954 ΓΖ,
417 2868 472 2934 καὶ
497 2871 552 2934 διὰ
574 2877 632 2952 τῆς
656 2871 717 2933 ΓΖ
739 2869 833 2952 ἤχθω
858 2866 1013 2932 ἐπίπεδον
1036 2867 1163 2954 παρώλ-

108 2971 109 2976 ’
148 2984 250 3061 ληλον
277 2986 322 3065 τῷ
350 2985 409 3040 τοῦ
438 2981 470 3040 Α
497 2976 620 3039 κύκλου
649 2972 790 3061 έπιπέὺφ
818 2971 874 3037 καὶ
900 2974 1032 3037 ποιείτω
1056 2975 1163 3058 τομὴν

94 3096 129 3145 25
149 3085 185 3150 έν
217 3092 262 3171 τῷ
295 3083 390 3169 κώνφ
423 3082 482 3146 τὸν
514 3077 589 3162 περὶ
620 3081 657 3144 τὸ
691 3083 719 3143 Ζ
748 3076 886 3164 κέντρον
912 3080 1049 3162 κύκλον,
1077 3081 1164 3146 ώστε

148 3202 258 3258 κῶνον
279 3189 473 3271 ὑποστῆναι,
497 3183 537 3251 οὑ
560 3187 656 3270 βίοις
678 3183 738 3270 μὲν
761 3185 779 3250 ὑ
804 3189 831 3248 Ζ
854 3185 988 3269 κύκλος,
1011 3184 1099 3264 ἄξων
1122 3185 1165 3252 ὑὲ

148 3300 166 3365 ὑ
191 3302 268 3382 ΖΒ,
295 3293 350 3360 καὶ
379 3295 435 3358 διὰ
462 3302 520 3377 τῆς
548 3295 609 3356 ΓΖ
636 3290 691 3356 καλ
718 3300 777 3356 τοῦ
805 3289 922 3368 ἄξονος
946 3290 1162 3376 ἐκβεβλήσθω

220 3531 261 3578 11.
281 3523 341 3602 λβ]
358 3539 411 3575 om.
431 3521 464 3576 V.
556 3527 598 3574 24.
622 3520 724 3574 κύκλου
744 3515 878 3591 ἐπιπέδῳ]
897 3535 947 3587 vc,
975 3537 1022 3574 -ov
1042 3517 1068 3573 ἐ·
1088 3536 1161 3578 corr.

149 3612 183 3649 ex
201 3616 222 3649 ω
240 3593 270 3646 in
290 3592 371 3646 senb.
390 3593 423 3646 V.
