2594 3878
156 236 218 298 116
424 237 512 286 ΠΕΡΙ
529 235 742 286 ΚΤΛΙΝΔΡου
760 236 895 289 ΤοΜΗΣ.

152 392 224 456 ταῖς
250 379 393 461 ἀκτῖσιν,
421 384 485 442 είτε
506 375 590 442 ’καθ’
620 379 700 442 αὑτὸ
729 378 768 442 δν
790 380 826 442 τὸ
850 381 1013 462 τρίγωνον
1036 385 1100 443 είτε
1127 379 1165 443 ε’ν

152 488 264 573 κώνςο,
292 487 491 569 συμβήσεται
518 487 577 561 τὰς
600 485 663 550 ἀπὸ
686 495 745 548 τοῦ
771 489 800 549 (δ
822 484 1006 569 φερομένας
1030 485 1166 562 ἀκτῖνας

155 592 373 668 ἐκπιπτούσας
395 593 451 656 δι’δι
474 601 534 656 τοῦ
559 595 664 656 ΑΒΓ
681 593 845 676 τριγώνου
867 604 976 656 ποιεῖν
998 594 1035 656 τὸ
1059 596 1135 656 ΚΝ
1137 593 1169 665 Ξ

154 702 319 785 τρίγωνον
341 707 399 782 τῆς
422 708 514 775 σκιᾶς
537 699 653 782 ὅμοιον
675 697 715 762 δν
737 708 782 786 τῷ
806 702 914 763 ΑΒΓ.

119 817 135 865 5
226 811 334 870 Ταῦτα
357 808 389 870 εί
408 804 463 870 καλ
487 805 621 889 ὀπτικῆς
638 810 783 892 θεωρίας
802 809 906 890 ἔχεται
925 804 980 870 καλ
999 805 1091 870 δοκεῖ
1107 807 1165 870 διδι

154 922 251 978 τοῦτο
274 922 332 996 τῆς
353 913 523 998 παρούσης
544 916 766 999 πραγματείας
789 913 946 998 ἀλλότρια
968 907 1063 996 εἶναι,
1087 911 1161 977 ἀλλ’

155 1016 216 1085 οὖν
240 1019 345 1084 ἐκεῖνό
367 1042 404 1100 γε
427 1020 574 1103 φανερὸν
597 1017 741 1102 γέγονεν,
764 1020 814 1084 ὅτι
833 1021 912 1084 ἄνευ
931 1029 995 1083 τών
1013 1017 1088 1105 περὶ
1107 1028 1165 1103 τῆς

154 1136 213 1191 τοῦ
250 1126 431 1212 κυλίνδρου
465 1124 521 1190 καλ
553 1135 610 1210 τῆς
641 1135 700 1190 τοῦ
732 1127 843 1190 κώνου
879 1135 980 1210 τομῆς
1016 1125 1165 1190 ἐνταῦθα

155 1231 370 1318 δειχθέντων,
397 1241 454 1316 τῆς
480 1232 652 1310 ἐλλείψεώς
681 1232 764 1314 λέγω
794 1230 849 1296 καὶ
877 1243 943 1296 τῶν
971 1231 1165 1316 ἁπτομένων

104 1351 137 1399 10
157 1342 258 1423 αὐτῆς
285 1340 442 1422 εὐθειῶν,
468 1338 636 1404 ἀδύνατον
663 1334 705 1420 ῆν
730 1347 928 1422 καταστῆσαι
951 1339 988 1403 τὸ
1011 1348 1165 1402 τοιοῦτον

154 1450 340 1533 πρόβλημα·
378 1445 460 1509 ὥστε
491 1445 552 1509 οὐκ
584 1445 725 1528 ἀλόγως,
758 1445 840 1510 ἀλλὰ
872 1445 927 1508 διὰ
958 1445 1019 1528 τῆν
1051 1448 1166 1530 χρείαν

156 1553 351 1635 ἐπεισῆλθεν
374 1551 391 1616 ὁ
414 1549 488 1637 περὶ
511 1553 638 1616 τούτων
661 1554 766 1633 λόγος.

229 1751 252 1797 1.
266 1741 336 1798 καθ’
350 1742 429 1815 αὑτό]
444 1761 494 1812 vc,
514 1708 614 1798 καδαώ
635 1745 666 1798 V.
725 1750 748 1798 6.
763 1741 965 1832 πραγματείας]
980 1761 1003 1812 ο,
1022 1726 1163 1812 πραγμαῇ

156 1816 212 1870 Vv.
269 1821 309 1869 12.
329 1815 446 1886 τούτων]
464 1815 563 1869 τούτου
583 1832 605 1868 ο.
660 1816 693 1868 In
712 1815 778 1870 fine:
797 1819 873 1878 τελος
891 1824 940 1869 τοῦ
960 1815 990 1868 α’
1005 1833 1041 1868 m.
1061 1831 1114 1869 rec.
1130 1815 1163 1868 V.

156 1886 264 1940 Deinde
283 1885 399 1954 σερήνου
418 1884 568 1948 ἀντιυσέως
586 1885 742 1956 φιλοσόφου
765 1887 830 1955 περὶ
848 1884 998 1954 κυλίνδρου
1016 1894 1101 1955 τομῆς
1117 1909 1163 1940 :-

156 1994 214 2061 Va,
242 1992 274 2046 τὸ
297 1971 342 2063 {³⁰⁹
366 1992 428 2046 add.
448 2011 484 2047 m.
508 2009 561 2046 rec.
581 1993 618 2060 V3
651 1990 727 2055 τέλος
749 2002 797 2047 τοῦ
821 1993 885 2061 περὶ
907 1990 1057 2060 κυλίνδρου
1079 2001 1166 2062 τομῆς

157 2063 275 2132 οερῆνου
294 2063 389 2118 Ambr.
409 2063 433 2116 Α
449 2069 497 2117 101
514 2082 573 2132 sup.
