2574 3882
176 174 218 237 48
446 176 532 226 ΠΕΡΙ
551 174 765 226 ΚΤΛΙΝΔΡΟΤ
784 175 922 227 ΤΟΜΗΣ.

175 317 296 403 μέτρου
316 326 373 400 τῆς
391 326 492 402 τομῆς
509 318 593 403 πρὸς
610 318 647 382 τὸ
668 316 731 382 άπὸ
750 327 808 401 τῆς
826 313 982 404 δευτέρας
1000 315 1188 402 διαμέτρου,
1267 399 1268 412 ρ

175 424 195 507 ἡ
215 421 252 488 δὲ
271 423 334 488 άπδ
353 433 411 507 τῆς
424 433 525 508 τομῆς
539 421 592 488 ἐπὶ
607 425 668 507 την
682 422 841 508 δευτέραν
856 424 1034 509 διάμετρον
1049 423 1188 508 άχθείσα
1266 415 1268 504 j

175 529 384 617 παράλληλος
406 540 445 616 τῇ
469 529 632 618 διαμέτρῳ
657 531 835 612 δυνήσεται
857 533 991 616 χωρίου,
1013 531 1097 616 πρὸς
1116 529 1133 595 3
1152 533 1187 596 τὸ
1268 526 1269 562 ι

174 637 240 702 ὑπὸ
264 647 331 701 τῶν
352 636 529 721 τμημάτων
547 646 604 720 τῆς
623 635 779 722 δευτέρας
797 634 975 721 διαμέτρου
995 639 1096 720 λόγον
1115 640 1188 721 ἔχει,
1268 653 1269 686 λ

140 743 216 808 ὁὸν
243 745 280 808 τὸ
308 743 372 808 άπὸ
399 753 457 827 τῆς
485 742 639 828 δευτέρας
667 741 844 828 διαμέτρου
872 744 956 829 πρὸς
982 744 1019 808 τὸ
1046 742 1109 808 ἀπὸ
1133 754 1188 828 τῆς
1269 762 1270 774 ’

175 849 363 936 διαμέτρου.

241 960 322 1022 ἔστω
351 957 543 1042 κύλινδρος,
566 954 622 1020 καί
648 955 900 1021 κατεσκευάσθω
930 956 975 1032 ὡς
1003 956 1039 1021 έν
1061 967 1107 1045 τῷ
1132 956 1186 1023 ιδ’.

175 1063 244 1130 ἐπεὶ
272 1060 334 1130 οὖν
361 1063 496 1147 ἐδείχθη
524 1064 561 1128 τὸ
589 1059 650 1147 μὲν
672 1063 737 1128 ὑπὸ
760 1073 828 1127 τῶν
851 1067 930 1146 ΕΘ,
956 1067 1029 1127 ΘΗ
1046 1065 1130 1149 πρὸς
1152 1066 1187 1130 τὸ

175 1171 238 1236 άπὸ
269 1176 347 1254 ΖΘ,
376 1171 421 1247 ὡς
447 1171 484 1235 τὸ
513 1169 576 1235 άπὸ
605 1178 662 1253 τῆς
689 1173 763 1233 ΕΗ
783 1170 867 1253 πρὸς
888 1170 925 1234 τὸ
950 1169 1014 1235 άπὸ
1037 1179 1095 1253 τῆς
1118 1172 1188 1236 δια-

123 1289 156 1337 10
174 1277 296 1362 μέτρου
324 1285 382 1360 τῆς
409 1275 535 1360 βάσεως
561 1284 618 1358 τῆς
642 1276 880 1359 διχοτομοάσης
902 1277 963 1359 τὴν
986 1280 1061 1340 ΕΗ
1078 1300 1189 1360 τεταγ-

174 1382 290 1468 μένως,
314 1383 358 1459 ὡς
378 1381 511 1465 έδείχθη
534 1383 617 1466 πρὸς
639 1391 685 1469 τῷ
708 1380 747 1446 θ’
770 1383 972 1466 θεωρήματι,
995 1381 1015 1465 ι]
1040 1379 1077 1448 δὲ
1100 1385 1189 1468 διχο-

174 1497 323 1582 τομοῦσα
343 1490 404 1572 τὴν
428 1488 605 1573 διάμετρον
628 1487 831 1571 τεταγμένως
854 1486 992 1574 δευτέρα
1015 1490 1189 1577 διάμετρός

175 1596 281 1678 ἐστιν,
309 1595 354 1672 ὡς
381 1594 418 1660 ἐν
440 1604 486 1682 τῷ
513 1596 578 1681 πρὸ
601 1595 737 1677 τούτου,
760 1600 810 1678 είη
833 1596 889 1678 άν,
918 1596 963 1672 ὡς
985 1597 1022 1661 τὸ
1045 1595 1109 1662 άπὸ
1133 1607 1190 1682 τῆς

174 1706 248 1766 ΕΗ
272 1700 451 1787 διαμέτρου
478 1703 561 1787 πρὸς
589 1702 625 1766 τὸ
654 1701 717 1766 ἀπὸ
741 1710 799 1784 τῆς
822 1699 977 1787 δευτέρας
1000 1701 1189 1790 διαμέτρου,

122 1819 154 1868 15
174 1809 280 1886 οὕτως
307 1809 344 1873 τὸ
371 1808 436 1872 ὑπὸ
464 1819 531 1873 τῶν
559 1813 638 1892 ΕΘ,
665 1812 737 1872 ΘΗ
759 1809 842 1894 πρὸς
868 1809 906 1874 τὸ
934 1808 998 1874 άπὸ
1026 1819 1083 1894 τῆς
1112 1816 1189 1876 ΖΘ·

174 1918 253 2002 ὅπερ
277 1917 343 1981 ἔδει
367 1913 479 1992 δεῖξαι.

241 2023 324 2087 ἀλλὰ
351 2022 393 2106 δη
415 2021 606 2086 ὑποκείσθω
628 2022 665 2086 τὸ
688 2017 748 2105 μέν
774 2025 803 2086 Θ
826 2022 1012 2106 διχοτομείν
1034 2025 1097 2107 τὴν
1118 2028 1194 2088 ΕΗ

170 2129 366 2213 διάμετρον,
397 2130 459 2212 τὴν
492 2125 528 2193 δὲ
558 2133 659 2192 ΖΘΦ
691 2127 891 2211 τεταγμένην
919 2124 1017 2194 εἶναι·
1051 2129 1189 2217 δευτέρα
1265 2121 1271 2134 ’

175 2238 239 2321 άρα
271 2234 445 2320 διάμετρος
474 2233 493 2317 ι]
524 2239 599 2299 ΖΦ.
644 2236 799 2318 κατηχθω
828 2233 878 2298 ἐπ’
908 2235 1013 2320 αὐτὴν
1039 2235 1103 2302 άπὸ
1131 2247 1190 2321 τῆς

122 2354 156 2402 20
174 2351 275 2427 τομῆς
302 2341 322 2424 ἡ
350 2345 433 2406 ΜΝ
455 2342 664 2427 παράλληλος
690 2351 729 2426 τῇ
753 2344 837 2404 ΕΗ·
866 2340 965 2425 λέγω,
988 2342 1039 2407 ὅτι
1062 2344 1098 2408 τὸ
1122 2343 1189 2409 ὑπὸ

175 2460 242 2514 τῶν
273 2452 357 2532 ΦΝ,
381 2453 449 2513 ΝΖ
477 2449 560 2534 πρὸς
586 2448 623 2513 τὸ
652 2446 715 2512 άπὸ
739 2456 796 2531 τῆς
818 2451 901 2512 ΜΝ
920 2451 1021 2530 λόγον
1043 2452 1124 2534 ἔχει,
1149 2449 1190 2515 δν

174 2558 211 2622 τὸ
241 2555 304 2622 άπὸ
328 2565 385 2640 τῆς
411 2560 475 2619 ΦΖ
499 2552 654 2640 δευτέρας
677 2552 854 2640 διαμέτρου
878 2555 961 2640 πρὸς
982 2557 1019 2620 τὸ
1043 2555 1107 2622 άπὸ
1131 2567 1190 2641 τῆς

174 2668 249 2728 ΕΗ
268 2662 446 2749 διαμέτρου
469 2671 527 2746 τῆς
549 2670 658 2746 τομῆς.

240 2771 334 2853 ἤχθω
363 2771 419 2833 διὰ
446 2778 504 2852 τῆς
530 2773 614 2833 ΜΝ
637 2767 792 2832 ἐπίπεδον
819 2767 1030 2853 παράλληλον
1052 2779 1098 2858 τῷ
1124 2774 1189 2836 ΓΔ

122 2887 156 2938 25
175 2875 504 2962 παραλληλογράμμῳ
532 2872 652 2958 τέμνον
679 2875 737 2938 τὸν
764 2875 958 2959 κύλινδρον·
990 2879 1120 2960 ποιήσει
1145 2878 1188 2961 δὴ

173 2983 515 3066 παραλληλόγραμμον
538 2983 599 3065 τὴν
616 2981 729 3064 τομήν.
772 2984 905 3046 ποιείτω
928 2983 965 3047 τὸ
990 2987 1063 3067 ΡΣ,
1087 2986 1189 3050 έστω-

245 3180 268 3227 1.
288 3173 362 3226 Ante
380 3171 449 3242 πρός
468 3172 521 3226 del.
541 3172 624 3243 λόγον
640 3172 695 3245 ἔχει
713 3190 736 3227 ο.
813 3179 837 3230 3.
858 3172 885 3246 δ]
904 3193 936 3243 p,
961 3191 1014 3230 om.
1029 3175 1082 3229 Vc.
1161 3183 1186 3233 7.

173 3243 400 3316 κατεσκευάσθω]
419 3261 492 3314 vop,
522 3261 605 3314 supra
628 3261 644 3300 σ
667 3245 730 3299 εδδ.
750 3251 775 3288 ²»
789 3244 822 3299 V.
914 3252 938 3300 8.
964 3243 1021 3300 ἐδεί
1039 3249 1092 3319 θη]
1112 3265 1186 3318 vop,

174 3320 265 3389 ἐδείχη
284 3317 317 3371 V.
409 3321 432 3370 9.
460 3317 527 3387 ΖΘ]
553 3319 699 3372 Θεοοιι.
718 3337 745 3388 p.
837 3317 890 3388 ὡς]
914 3315 998 3386 λόγον
1019 3268 1186 3389 έχονὼςχ).

210 3397 250 3444 11.
270 3389 318 3460 τῷ]
338 3407 365 3458 p,
384 3397 421 3442 τῶ
439 3404 477 3441 vc
497 3390 526 3441 et
544 3404 611 3442 eorr.
628 3405 662 3442 ex
679 3387 711 3443 τό
729 3389 847 3444 m.1V.
903 3388 951 3460 θ’]
971 3405 1039 3443 corr.
1059 3406 1094 3443 ex
1112 3391 1142 3460 η’
1157 3410 1188 3460 p,

174 3465 208 3514 ῖθ
225 3461 302 3514 ch.
360 3465 401 3513 14.
420 3457 538 3527 πρός-
552 3457 714 3531 διαμέτρου]
735 3477 788 3514 om.
808 3476 830 3513 ο.
887 3465 928 3512 15.
948 3457 1046 3532 οὕτως]
1066 3459 1139 3516 οὕτω
1158 3481 1188 3531 p,

173 3534 206 3584 ut
229 3545 337 3599 semper
358 3532 423 3584 ante
442 3532 635 3584 consonantes.
728 3536 769 3585 16.
794 3528 861 3597 ὅπερ
882 3529 939 3584 ἔδει
958 3531 1059 3602 δεῖξαι]
1085 3549 1138 3586 om.
1158 3552 1188 3602 p.
