2594 3878
189 241 250 306 126
499 246 586 296 ΠΕΡι
603 244 732 295 ιωεαου
749 246 885 299 Toum.

253 389 334 451 ἔστω
354 387 416 472 γᾶρ
436 385 489 452 ἐπὶ
507 396 565 472 τῆς
581 386 797 473 προκειμένης
814 397 1026 474 καταγραφῆς
1042 389 1079 452 τὸ
1094 391 1193 451 ΑΓΛ

187 495 350 577 τρίγωνον
373 502 418 581 τῷ
438 497 539 557 ΑΕΖ
563 494 688 578 ὅμοιον.
726 493 821 578 λέγω,
844 495 894 560 ὅτι
916 493 972 558 καὶ
996 500 1069 558 ἴσον
1092 492 1192 559 ἐστίν.

254 597 322 663 ἐπεὶ
345 599 423 685 γᾶρ,
451 600 496 676 ώς
517 600 537 683 ἡ
560 603 631 664 ΑΓ
648 602 731 686 πρὸς
754 603 829 684 ΓΔ,
852 601 957 677 οὕτως
978 599 999 682 ἡ
1022 604 1091 664 ΑΕ
1110 602 1193 684 πρὸς

186 708 264 788 ΕΖ,
291 702 346 769 καὶ
373 703 510 783 ἐναλλὰξ
538 707 610 792 ἄρα.
665 710 723 770 καί
747 709 832 772 εἰσιν
860 713 928 772 ἶσαι
956 707 993 770 μέ
1014 709 1088 790 ΓΑ,
1112 711 1191 770 ΕΑ·

151 815 256 875 οέσαι
283 813 346 897 ἄρα
373 809 428 876 καὶ
456 813 493 876 αἱ
517 815 590 896 ΓΔ,
614 817 686 878 ΕΖ.
741 815 780 878 τὰ
809 811 845 878 δέ
874 811 926 878 έπὶ
955 819 1037 877 ἰσων
1063 813 1191 896 βάσεων

185 920 330 1003 τρίγωνα
353 917 390 983 έν
412 929 482 994 τοῖς
505 918 623 1004 ὀρθοῖς
644 921 765 996 κώνοις
788 925 842 984 ἴσα
866 919 966 985 ἐστίν·
991 925 1045 983 ἴσα
1069 921 1133 1005 ἄρα
1151 920 1190 983 τὰ

186 1031 218 1088 Α
224 1026 293 1108 ΓΔ,
313 1029 413 1089 ΑΕΖ
436 1028 590 1110 τρίγωνα.

670 1245 709 1285 ε.

249 1341 324 1407 Ἐὰν
342 1354 448 1420 κῶνος
466 1344 570 1429 ὀρθὸς
589 1342 754 1421 ἐπιπέδοις
772 1351 883 1430 τμηθῇ
902 1345 957 1408 διὰ
971 1353 1028 1428 τῆς
1041 1353 1190 1430 κορυφῆς

133 1465 165 1512 10
184 1458 229 1536 τῷ
253 1445 314 1532 μὲν
338 1449 393 1513 διὰ
416 1458 476 1515 τοῦ
500 1448 629 1534 ἄξονος,
657 1461 727 1527 τοῖς
754 1447 790 1514 δέ
818 1450 909 1526 ἐκτὸς
931 1460 991 1515 τοῦ
1014 1448 1145 1533 ἄξονος,
1171 1450 1188 1514 ὁ

184 1552 221 1618 δὲ
244 1553 332 1632 ἄξων
354 1563 413 1620 τοῦ
436 1557 546 1621 κώνου
570 1558 613 1641 μὴ
635 1555 778 1622 έλᾶττων
801 1551 822 1641 ᾖ
844 1565 902 1640 τῆς
920 1556 955 1621 έκ
973 1565 1033 1621 τοῦ
1051 1556 1189 1642 κέντρου

184 1669 241 1745 τῆς
268 1661 409 1745 βάσεως,
441 1673 509 1727 τῶν
536 1662 721 1747 γινομένων
752 1662 788 1728 έν
817 1673 862 1751 τῷ
889 1665 985 1750 κώνῳ
1017 1665 1189 1749 τριγώνων

183 1767 338 1852 μέγιστον
361 1771 451 1834 ἔσται
473 1771 510 1834 τὸ
535 1771 590 1834 ύιᾶ
612 1779 672 1834 τοῦ
695 1769 820 1848 ἄξονος.

250 1877 332 1940 έστω
355 1885 472 1959 κῶνος,
496 1871 536 1941 οὗ
559 1878 690 1961 κορυφὴ
711 1873 771 1960 μὲν
790 1877 826 1941 τὸ
845 1882 887 1959 Α,
910 1876 1005 1959 βάσις
1023 1873 1060 1939 δὲ
1078 1876 1096 1940 ὁ
1115 1873 1188 1961 περὶ

132 1997 162 2042 15
183 1983 220 2047 τὸ
243 1986 271 2046 Β
295 1980 432 2068 κέντρον
454 1983 588 2066 κύκλος,
616 1981 703 2060 ἄξων
727 1980 763 2048 δέ
786 1983 803 2048 ὁ
827 1987 901 2047 ΑΒ.
946 1981 1131 2066 τμηθέντος
1152 1979 1188 2045 δὲ

182 2097 241 2152 τοῦ
265 2089 374 2153 κώνου
403 2089 459 2152 διὰ
488 2097 546 2171 τῆς
572 2098 722 2174 κορυφῆς
749 2091 940 2172 γεγενησθω
964 2092 1110 2174 τρίγωνα
1133 2089 1187 2152 ύιᾶ

182 2189 242 2277 μὲν
260 2202 319 2258 τοῦ
338 2192 454 2272 ἄξονος
471 2196 508 2260 τὸ
524 2201 555 2260 Α
561 2199 631 2280 ΓΑ,
655 2196 746 2273 ἐκτὸς
765 2193 801 2260 δὲ
815 2204 875 2260 τοῦ
889 2193 1006 2273 ἄξονος
1024 2196 1061 2259 τὸ
1076 2200 1186 2277 ΑΕΖ,

181 2297 236 2365 καὶ
263 2303 385 2366 κείσθω
417 2301 625 2388 παράλληλος
652 2302 672 2385 ἡ
700 2308 764 2368 ΕΖ
795 2311 835 2387 τῇ
864 2303 939 2385 ΓΑ,
972 2302 989 2366 ὁ
1022 2298 1059 2365 δέ
1091 2300 1185 2383 ἄξων,

181 2405 352 2473 τουτέστιν
378 2408 398 2492 ἡ
426 2413 491 2472 ΑΒ
519 2408 647 2491 εὐθεῖα,
679 2411 723 2493 μὴ
752 2408 894 2474 έλύττων
922 2411 1003 2472 έοτω
1032 2417 1090 2491 της
1115 2411 1184 2472 ΒΓ.

129 2527 162 2576 ⁶20
181 2513 279 2599 λέγω,
307 2515 357 2580 ἄτι
384 2517 420 2580 τὸ
449 2518 548 2580 ΑΓΛ
574 2519 738 2600 τρίγωνον
765 2518 874 2600 μεῖζόν
902 2513 969 2579 ἑστι
997 2523 1057 2579 τοῦ
1086 2519 1184 2578 ΑΕΖ

180 2622 354 2706 τριγώνου.

248 2727 430 2811 ἐπεζεύχθω
458 2729 478 2810 ἡ
507 2732 584 2812 ΒΕ,
616 2725 671 2792 καὶ
698 2726 761 2792 ἄπὸ
789 2736 849 2791 τοῦ
872 2732 900 2792 Β
928 2727 1069 2803 κάθετος
1091 2729 1184 2811 ἤχθω

181 2832 234 2898 ἐπὶ
260 2835 321 2916 τὴν
344 2838 407 2896 ΕΖ
434 2833 454 2915 ἡ
478 2837 561 2898 ΒΗ·
596 2835 672 2917 δίχα
699 2835 763 2919 ἄρα
789 2833 942 2918 τέτμηται
970 2834 1077 2917 ηΕΖ
1105 2833 1184 2898 κατὰ

180 2939 217 3003 τὸ
240 2943 283 3002 Η.
330 2937 512 3021 ἐπεζεύχθω
540 2939 670 3022 ἡΑΗ·
703 2940 822 3022 ἡΑΗ
845 2941 909 3025 ἄρα
931 2939 1072 3014 κάθετός
1096 2939 1184 3004 έστιυ

127 3058 160 3105 25
181 3040 233 3109 ἐπὶ
256 3045 317 3127 τὴν
335 3047 411 3107 ΕΖ·
436 3041 599 3121 ἰσοσκελὲς
621 3046 684 3130 γὰρ
707 3047 743 3109 τὸ
763 3051 829 3109 ΕΑ
836 3051 872 3109 Ζ.
908 3043 977 3110 ἐπεὶ
996 3040 1058 3110 οὖν
1081 3046 1102 3129 ἡ
1121 3049 1184 3110 ΑΒ

181 3151 241 3215 οὔκ
265 3148 354 3214 ἐστιν
377 3148 520 3214 ἑλᾶττων
542 3159 599 3234 τῆς
622 3151 657 3215 έκ
681 3161 740 3215 τοῦ
758 3151 897 3237 κέντρου
921 3160 979 3235 τῆς
996 3155 1071 3235 ΒΕ,
1095 3151 1183 3216 ἐλύτ-

180 3281 246 3322 των
275 3253 358 3340 δὲὴ
382 3259 456 3319 ΕΗ
478 3279 535 3339 της
558 3261 635 3340 ΒΕ,
667 3256 778 3343 ηᾶρα
802 3261 867 3321 ΑΒ
894 3260 1012 3341 μείζων
1038 3256 1107 3322 ἐστὶ
1129 3267 1185 3340 της
1275 3301 1276 3304 ¹

250 3525 274 3572 3
294 3517 568 3588 γρ]γαρέστινμ
655 3525 680 3572 4
701 3519 839 3590 EZ]cp
865 3521 922 3578 E
938 3519 970 3588 V
995 3536 1049 3588 mg
1073 3523 1147 3572 Zm
1169 3523 1181 3570 1

180 3603 259 3641 ουτω
316 3588 377 3659 ΕΑ]
399 3588 537 3642 PEAVc
544 3591 666 3656 AEp.
723 3589 987 3660 7.ΑΕΖ]Οοωω.,
1006 3590 1182 3656 AEZch
