2594 3878
177 217 240 280 146
484 217 571 268 ΠΕΡΙ
589 216 717 268 mor
735 218 869 270 ΤοΜΗΣ

150 357 152 362 ’
175 371 233 444 τῆς
255 359 465 445 κορνφηςέτι
468 359 562 444 ὶτην
586 360 684 443 βάσιν
706 359 846 436 κάθετος
870 355 966 444 ίση
948 385 966 446 η
989 371 1027 446 τη
1050 360 1188 448 ἡμισείᾳ

175 475 233 550 τῆς
255 467 390 550 βάσεως,
412 476 510 532 τοῦτο
534 470 643 551 μεῖζον
666 469 755 531 ἔσται
777 467 911 532 πάντων
929 479 995 532 τῶν
1015 467 1186 552 ἀνομοίων

176 571 212 638 έν
235 583 280 661 τῷ
303 575 397 662 κώνῳ
421 576 601 661 τριγώνων.

243 697 279 764 ἐν
302 700 364 784 γάρ
388 696 482 786 κώνῳ
507 698 600 786 ὀρθῷ
623 701 788 784 τρίγωνον
813 701 895 763 ἔστω
918 700 954 763 τὸ
979 702 1077 763 ΑΓΛ
1105 701 1185 782 έχον

141 821 157 869 5
177 807 237 889 τὴν
260 811 326 870 ΑΒ
348 805 493 870 κάθετον
521 811 595 888 ίσην
618 815 657 890 τῇ
680 809 747 868 BA
774 805 903 892 ἡμισείᾳ
930 806 1013 890 οὔσῃ
1040 813 1098 888 τῆς
1122 808 1156 869 Γ
1150 811 1185 869 A

176 913 309 995 βάσεως.
365 911 464 995 λέγω,
497 912 547 976 ὅτι
578 913 615 976 τὸ
646 914 744 976 ΑΓΔ
775 915 939 998 τρίγωνον
970 913 1081 995 μεῖζόν
1113 909 1184 976 ἐστι

175 1019 309 1084 πάντων
331 1030 397 1084 τών
421 1017 586 1102 ἀνομοίων
610 1017 645 1082 έν
666 1027 711 1106 τῷ
730 1016 825 1106 κώνςο
845 1017 1094 1102 συνισταμένων
1112 1043 1183 1104 τρι-

174 1129 300 1210 γώνων.

240 1253 390 1335 είληφθω
414 1251 476 1334 γάρ
500 1251 580 1315 ἄλλο
603 1251 704 1334 τυχὸν
727 1252 890 1334 τρίγωνον
913 1248 1072 1333 ἀνόμοιον
1091 1249 1183 1337 αὐτῷ

120 1371 152 1421 10
172 1361 208 1423 τὸ
233 1363 347 1440 ΑΕΖ,
376 1357 412 1422 έν
441 1350 467 1441 ᾦ
493 1357 633 1432 κάθετος
660 1355 679 1438 ἡ
703 1361 789 1439 ΑΗ,
816 1353 871 1420 καὶ
895 1355 957 1420 άπὸ
986 1352 1045 1440 μὲν
1069 1365 1128 1420 τοῦ
1153 1361 1183 1420 Β

172 1463 225 1530 ἐπὶ
247 1466 308 1547 την
331 1469 396 1528 AA
418 1463 559 1538 κάθετος
581 1465 674 1546 ἤχθω
698 1463 718 1546 η
741 1467 815 1546 ΒΘ,
839 1447 902 1527 άπὸ
926 1459 963 1526 δὲ
985 1471 1044 1526 τοῦ
1067 1467 1108 1526 Η
1128 1461 1183 1528 ἐπὶ

171 1572 232 1654 τὴν
260 1574 326 1633 ΑΖ
357 1569 497 1646 κάθετος
523 1571 618 1653 ἤχθω
646 1570 666 1653 ἡ
694 1573 774 1634 ΗΚ.
830 1567 898 1633 ἐπεὶ
926 1568 1084 1653 ἀνόμοιόν
1113 1568 1184 1633 ἐστι

171 1679 208 1744 τὸ
234 1679 332 1741 ΑΓΛ
359 1686 404 1764 τῷ
433 1681 547 1760 ΑΕΖ,
580 1675 738 1761 άνόμοιον
765 1678 828 1762 άοα
855 1673 910 1740 καὶ
939 1677 974 1740 τὸ
1003 1679 1108 1739 ΑΒΔ
1135 1685 1185 1762 τῷ

171 1787 287 1848 ΑΗΖ.
324 1783 383 1847 καί
403 1781 492 1848 ἐστιν
516 1783 715 1869 ὀρθογώνια,
738 1780 792 1846 καὶ
817 1778 980 1858 ἰσοσκελὲς
1003 1783 1039 1846 τὸ
1063 1785 1184 1845 ΑΒΔ·

122 1903 154 1952 15
174 1892 211 1956 τὸ
236 1894 343 1954 ΑΗΖ
370 1892 433 1975 άρα
461 1888 677 1965 άνισοσκελές.
722 1888 836 1954 καὶτὸ
859 1885 919 1973 μὲν
947 1890 1010 1974 άρα
1038 1887 1101 1952 άπὸ
1125 1897 1185 1971 τῆς

172 2002 236 2062 ΑΒ
267 2003 340 2061 ἴσον
368 1994 436 2060 ἐστὶ
464 2005 509 2082 τῷ
538 1995 601 2060 άπὸ
628 2004 686 2078 τῆς
708 1999 789 2078 BA,
821 1996 858 2060 τὸ
883 1991 919 2058 δὲ
942 1994 1005 2058 άπὸ
1029 2003 1086 2076 τῆς
1109 1998 1189 2058 ΑΗ

171 2113 216 2190 τῷ
246 2103 309 2167 ἀπὸ
336 2112 395 2186 ,τῆς
422 2106 492 2165 ΗΖ
520 2103 645 2166 άνισον.
701 2100 772 2166 ἀλλ’
799 2102 842 2177 ὡς
869 2097 929 2185 μὲν
958 2102 995 2165 τὸ
1024 2100 1086 2165 άτιὸ
1115 2105 1184 2164 ΑΒ

171 2210 254 2294 πρὸς
276 2210 313 2273 τὸ
337 2207 400 2273 άπὸ
424 2213 503 2292 BA,
531 2208 637 2284 οὕτως
663 2206 683 2290 ἡ
707 2212 775 2272 ΑΘ
801 2210 883 2294 πρὸς
909 2212 985 2291 ΘΑ,
1014 2209 1057 2284 ὡς
1082 2203 1118 2272 δὲ
1142 2209 1181 2271 τὸ

172 2317 235 2382 άπὸ
259 2319 336 2379 ΑΗ
359 2315 441 2400 πρὸς
463 2315 500 2379 τὸ
524 2313 587 2378 άπὸ
611 2317 694 2397 ΗΖ,
727 2315 831 2392 οὕτως
859 2315 878 2398 ἡ
902 2319 974 2378 ΑΚ
997 2316 1080 2400 πρὸς
1102 2317 1182 2378 ΚΖ·

118 2437 152 2485 20
172 2424 192 2508 ἡ
216 2419 276 2508 μὲν
300 2424 363 2509 άρα
386 2427 452 2486 AA
475 2423 521 2498 είς
546 2427 600 2486 ίσα
623 2419 789 2505 τέτμηται,
812 2423 832 2505 ἡ
856 2417 892 2486 δὲ
915 2427 981 2486 ΑΖ
1004 2424 1050 2498 είς
1073 2421 1183 2504 ἄνισα.

136 2551 139 2558 ·
172 2528 242 2596 ἐπεὶ
270 2526 332 2596 οὖν
360 2530 397 2594 αι’
421 2534 506 2613 ΑΑ,
530 2533 595 2593 ΑΖ
629 2534 696 2592 ίσαι
718 2531 797 2612 είσί,
829 2527 885 2592 καὶ
912 2529 932 2611 ἡ
959 2524 1019 2612 μὲν
1051 2529 1097 2602 είς
1126 2533 1183 2590 ίσα

172 2636 335 2724 διῄρηται,
358 2637 378 2719 ἡ
403 2632 440 2700 δὲ
463 2639 509 2712 είς
533 2637 641 2719 άνισα,
663 2636 700 2700 τὸ
724 2635 788 2700 ὑπὸ
812 2645 878 2699 τών
902 2641 984 2699 ἴσων
1004 2633 1183 2718 τμημάτων

172 2753 231 2808 τοῦ
255 2743 319 2808 ὑιτὸ
343 2753 410 2807 τών
433 2742 559 2807 άνίσων
586 2745 695 2826 μεῖζόν
719 2741 799 2806 ἐστι·
831 2743 868 2806 τὸ
898 2743 961 2821 ἄρα
986 2739 1050 2804 ὑπὸ
1074 2746 1107 2803 Α
1115 2744 1182 2804 ΘΛ

172 2853 282 2934 μεῖζόν
305 2848 373 2913 ἐστι
395 2857 454 2912 τοῦ
477 2848 542 2913 ὑπὸ
566 2851 677 2912 ΑΚΖ.
724 2847 806 2912 ἀλλὰ
832 2856 877 2934 τῷ
905 2843 965 2931 μὲν
987 2846 1051 2910 ὑπὸ
1075 2853 1108 2910 Α
1115 2851 1182 2910 ΘΔ

103 2967 154 3015 νο
175 2962 249 3019 ίσον
273 2953 341 3018 ἐστὶ
364 2957 400 3020 τὸ
424 2954 487 3020 ἀπὸ
511 2959 590 3038 ΒΘ,
618 2964 662 3041 τῷ
687 2950 723 3018 δὲ
744 2954 809 3018 ὑπὸ
833 2951 935 3018 ΑΚΖ
960 2959 1033 3018 ίσον
1055 2954 1092 3018 τὸ
1117 2951 1182 3018 άπὸ

172 3117 384 3133 ,ῤ-,ῤ

245 3216 411 3306 4.ν.έ]οοια
428 3215 575 3272 οκέάνω.
593 3224 645 3272 lc.
705 3216 890 3289 ὀρθῷ]7ι“ωο
957 3213 1119 3289 θημισείᾳ]
1136 3233 1180 3286 ορ,

172 3286 272 3364 ἡμισέη
291 3289 324 3344 V
399 3294 422 3342 7.
443 3285 660 3360 συνισταμένων]
680 3305 718 3342 ve
769 3306 797 3342 σ-
817 3287 1062 3342 ecorr.m.1V
1139 3293 1179 3341 12.

174 3362 250 3450 HK]
269 3377 336 3414 corr.
357 3376 391 3413 ex
409 3363 468 3415 ΗΘ
486 3307 944 3431 ω.1ο.ἐπεί]ἐπεὶοῦνμ
1024 3363 1065 3411 15.
1085 3359 1180 3414 ἀνισο-

173 3433 276 3503 σκελες]
295 3428 469 3494 ἀνισοσκελές
488 3430 588 3519 ἐστιμ
661 3429 1062 3518 17ἀττό(ο17)]ἀπὸτῆςρ
1138 3433 1179 3483 18.

173 3502 241 3573 ἀπό]
262 3503 318 3557 ἀπὸ
332 3511 381 3573 τῆς
398 3521 425 3572 p.
481 3508 522 3556 20.
542 3503 683 3573 τετμηται]
703 3518 770 3555 corr.
786 3518 820 3554 ex
833 3499 1001 3570 τέμνεταιο.
1057 3505 1099 3555 21.
1115 3501 1179 3571 ΑΖ]

173 3589 220 3641 cp,
240 3589 308 3628 corr.
324 3590 358 3627 ex
376 3578 430 3628 ΔΖ
448 3592 483 3628 m.
505 3579 518 3626 1
538 3574 572 3643 V,
591 3577 645 3627 ΔΖ
663 3591 688 3628 ι.
762 3578 803 3626 22.
823 3572 964 3644 διῄρηται]
985 3573 1134 3639 διαιρέσεσι
1152 3589 1179 3639 p.
