2574 3882
177 169 221 232 46
449 171 537 221 ΠΕΡΙ
555 169 770 223 ΚΤΛΙΝΔΡΟΤ
788 171 924 223 ΤΟΜΗΣ.

244 312 339 395 ἤχθω
363 313 452 398 παρὰ
475 310 536 396 μὲν
556 314 617 397 τὴν
635 317 709 376 ΕΗ
723 311 743 395 ἡ
762 312 843 396 ΝΞ,
867 314 955 398 παρὰ
979 309 1017 376 δέ
1040 315 1101 396 την
1122 318 1200 378 ΖΜ

178 419 215 482 αι’
240 423 329 501 ΝΠ,
354 418 428 491 ΞΡ·
467 418 660 504 τεταγμέναι
687 421 751 505 ἄρα
778 417 842 484 εέσλ
869 417 924 484 καὶ
952 421 989 483 αέ
1013 423 1103 503 ΝΠ,
1128 420 1194 493 ΞΡ.

179 523 248 589 ἐπεὶ
276 521 338 590 οὖν
365 527 401 590 τὸ
430 525 493 591 ἀπὸ
521 535 578 610 τῆς
605 530 684 590 ΝΠ
706 519 794 612 πρὸς
811 527 848 590 τὸ
871 526 936 590 ὑπὸ
960 529 1075 590 ΕΠΗ
1093 530 1195 608 λόγον

179 635 254 715 ἔχει,
278 631 318 696 ὃν
340 633 377 696 τὸ
402 631 465 696 ἀπὸ
489 642 547 716 τῆς
569 631 746 718 διαμέτρου
771 641 828 716 τῆς
851 631 978 715 βάσεως
1000 641 1061 696 τοῦ
1081 637 1194 698 κυλίν-

143 739 263 824 5δρου
286 739 369 824 πρὸς
396 740 433 803 τὸ
462 738 526 803 ἀπὸ
554 749 612 821 τῆς
639 740 817 824 διαμέτρου
844 748 903 821 της
929 749 1044 822 τομῆς,
1069 742 1134 823 ἔχει
1157 737 1195 804 δὲ

177 843 233 908 καὶ
265 847 301 910 τὸ
335 844 399 910 ἀπὸ
431 855 489 927 τῆς
522 844 584 918 ΞΡ
607 847 689 932 πρὸς
716 847 753 910 τὸ
783 845 848 910 ὑπὸ
875 833 985 909 ΕΡΗ4
1004 847 1064 911 τὸν
1091 847 1195 912 αὐτὸν

178 953 291 1036 λόγον,
320 952 364 1028 ὡς
392 953 456 1036 ἄρα
483 953 520 1016 τὸ
548 951 611 1016 ἀπὸ
639 961 697 1035 τῆς
724 956 803 1016 ΝΠ
821 952 904 1037 πρὸς
926 953 963 1016 τὸ
986 951 1052 1016 ὑπὸ
1075 957 1195 1038 ΕΠΗ,

177 1058 283 1134 οὕτως
310 1060 347 1123 τὸ
376 1057 440 1123 ἀπὸ
467 1057 530 1131 ΞΡ
552 1060 636 1145 πρὸς
658 1059 695 1122 τὸ
718 1057 783 1122 ὑπὸ
806 1063 916 1122 ΕΡΗ.
961 1057 1016 1123 καὶ
1040 1059 1194 1138 ἐναλλάξ·

177 1171 252 1230 έσον
280 1162 316 1229 δὲ
343 1166 380 1230 τὸ
404 1164 468 1230 ἀπὸ
491 1171 570 1230 ΝΠ
588 1175 634 1253 τῷ
657 1165 721 1230 ἀπὸ
746 1164 820 1238 ΞΡ·
850 1169 1194 1252 παραλληλόγραμμον

126 1297 158 1344 10
176 1271 241 1356 γάρ
266 1271 334 1336 έστι
357 1273 394 1336 τὸ
417 1272 570 1346 ΝΠΡΞ·
603 1278 677 1336 ἴσον
701 1273 765 1356 ἄρα
787 1269 842 1335 καὶ
865 1273 902 1336 τὸ
925 1271 990 1336 ὑπὸ
1014 1277 1129 1336 ΕΠΗ
1147 1283 1192 1361 τῷ

176 1379 242 1442 ὑπὸ
261 1381 369 1441 ΕΡΗ.
407 1376 463 1441 καὶ
487 1377 542 1442 ἀπ’
565 1385 647 1442 ἴσων
666 1375 832 1464 ἀφῄρηται
850 1388 918 1442 τῶν
936 1377 999 1443 ἀπὸ
1019 1383 1095 1463 ΕΘ,
1115 1384 1193 1444 ΘΗ·

177 1482 233 1547 καὶ
248 1484 365 1547 λοιπὸν
379 1485 444 1568 ἄρα
458 1485 495 1548 τὸ
510 1483 573 1548 ἀπὸ
589 1489 627 1548 Π
631 1488 659 1547 Θ
673 1489 777 1571 λοιπῷ
792 1493 837 1572 τῷ
853 1483 916 1549 ἀπὸ
929 1489 988 1548 ΘΡ
998 1491 1072 1550 ἴσον
1087 1485 1193 1552 ἐστίν·

179 1595 232 1672 ἴση
252 1591 316 1675 ἄρα
334 1589 354 1672 η
374 1594 412 1654 Π
416 1593 444 1654 Θ
462 1600 501 1675 τῇ
524 1594 592 1673 ΘΡ,
611 1589 782 1655 τουτέστιν
800 1589 820 1673 ἡ
835 1595 874 1654 Ν
877 1596 905 1655 O
922 1602 961 1676 τῇ
978 1591 1047 1665 ΟΞ.
1072 1592 1194 1676 ὁμοίως

177 1693 214 1760 δέ
241 1705 343 1760 πᾶσαι
371 1698 408 1760 αλ
432 1697 521 1782 παρὰ
551 1697 611 1780 την
640 1701 714 1761 ΕΗ
738 1697 813 1780 δίχα
841 1696 1015 1781 τέμνονται
1041 1699 1107 1764 ὑπὸ
1135 1708 1194 1783 τῆς

124 1827 157 1875 15
178 1806 262 1866 ZM·
296 1801 434 1889 δευτέρα
457 1801 631 1890 διάμετρος
653 1805 718 1890 ἄρα
742 1801 831 1868 ἐστὶν
854 1804 874 1888 ἡ
900 1808 979 1868 ΖΜ.

657 2017 711 2068 λς.

241 2121 318 2186 Ἐὰν
349 2123 527 2208 κύλινδρος
559 2120 701 2210 ἐπιπέδῳ
734 2129 845 2208 τμηθῇ
877 2121 1030 2208 τέμνοντι
1062 2125 1099 2189 τὸ
1134 2135 1193 2210 τῆς

177 2226 304 2311 βάσεως
328 2227 493 2312 ἐπίπεδον,
516 2229 537 2312 ἡ
561 2225 597 2298 δὲ
619 2231 715 2312 αοινη
738 2231 821 2313 τομὴ
844 2238 904 2293 τοῦ
927 2253 961 2294 τε
984 2239 1041 2314 τῆς
1063 2231 1193 2314 βάσεως

175 2333 231 2399 καὶ
259 2343 318 2400 τοῦ
346 2334 522 2419 τέμνοντος
552 2334 708 2400 ἐπιπέδου
736 2337 820 2420 πρὸς
846 2336 952 2422 ὀρθὰς
979 2331 1000 2422 ᾗ
1028 2345 1067 2422 τη
1095 2337 1192 2421 βάσει

123 2465 156 2514 20
175 2451 235 2506 τοῦ
263 2442 319 2506 διδι
346 2451 406 2506 τοῦ
434 2439 551 2520 ἄξονος
577 2440 921 2528 παραλληλογράμμου
949 2441 969 2526 ἢ
997 2454 1036 2530 τῇ
1061 2443 1111 2510 ἐπ’
1137 2446 1191 2510 εὐ-

175 2552 270 2626 θείας
297 2549 395 2635 αὐτῇ,
423 2547 443 2632 η
471 2545 532 2634 μέν
559 2547 623 2614 ἀπὸ
648 2557 706 2632 τῆς
728 2557 828 2632 τομῆς
852 2547 904 2613 ἐπὶ
927 2551 988 2633 την
1012 2549 1193 2638 διάμετρον

175 2656 314 2740 ἀχθεῖσα
337 2655 546 2742 παράλληλος
568 2665 608 2740 τῇ
631 2653 785 2740 εἰρημένῃ
808 2664 903 2740 κοινῇ
927 2667 1009 2742 τομῇ
1033 2669 1100 2722 τῶν
1122 2659 1191 2724 έπι-

174 2760 285 2828 πέδων
308 2763 486 2845 δυνήσεται
511 2765 649 2847 χωρίον,
679 2761 762 2847 πρὸς
785 2760 802 2825 ὃ
826 2762 862 2825 τὸ
886 2760 951 2826 ὑπὸ
975 2774 1042 2828 τῶν
1064 2765 1192 2850 τμημά-

174 2891 242 2933 των
268 2877 327 2951 τῆς
353 2866 534 2954 διαμέτρου
562 2870 662 2950 λόγον
690 2871 769 2952 ἔχει,
803 2866 843 2932 ὃν
871 2869 908 2933 τὸ
939 2868 1003 2933 ἀπὸ
1033 2879 1091 2954 τῆς
1122 2873 1192 2937 δια·
1274 2843 1276 2868 ⁸

245 3031 269 3079 3.
286 3025 392 3096 ΕΠΗ]
407 3033 463 3078 τῶν
478 3026 543 3092 ΕΠ,
559 3027 622 3077 ΠΗ
632 3042 664 3093 p;
684 3026 713 3076 et
727 3023 857 3078 similiter
871 3041 987 3094 semper.
1043 3033 1067 3081 6.
1086 3031 1190 3102 EPH]

173 3107 211 3152 τῶ
230 3101 290 3164 ΕΡ,
307 3100 363 3149 ΡΗ
377 3114 404 3164 p.
496 3100 520 3150 8.
545 3093 642 3166 οὕτως]
663 3093 734 3149 οὕτω
752 3113 778 3164 p.
869 3099 937 3168 ΞΡ]
957 3105 1005 3168 της
1024 3100 1080 3160 ΞΡ
1098 3118 1131 3168 p3
1160 3107 1195 3155 et,

175 3169 305 3224 similiter
324 3182 439 3236 semper.
503 3172 526 3220 9.
548 3168 625 3238 NH]
645 3183 695 3236 vc,
716 3170 776 3220 He
795 3184 863 3221 corr.
878 3185 914 3222 m.
931 3175 944 3220 1
960 3168 994 3238 V,
1012 3178 1061 3239 τῆς
1081 3175 1113 3224 N
1116 3175 1147 3224 Π
1161 3191 1190 3241 p,

211 3247 252 3296 10.
273 3239 409 3362 NHPEE
426 3255 458 3307 p,
484 3240 606 3298 ΝΠΞΡ
621 3238 674 3292 Vc.
748 3244 789 3292 11.
809 3236 874 3310 ἀπ’]
896 3238 952 3294 ἀπό
972 3256 994 3294 ο.
1069 3248 1110 3296 12.
1130 3244 1190 3298 ἀπὸ

175 3314 242 3384 ΘΡ]
261 3309 371 3379 Helley,
410 3309 448 3364 πὸ
466 3317 515 3378 τῆς
531 3311 632 3379 ΘΡρ,
654 3310 777 3364 ePVe.
851 3315 893 3364 15.
912 3309 1074 3394 διάμετρος]
1092 3330 1145 3368 om.
1160 3333 1189 3383 p·
1275 3335 1276 3344 ,

211 3384 286 3454 ΖΜ]
305 3400 336 3451 p,
365 3383 428 3436 ΘΝ
447 3379 494 3433 uel
514 3383 581 3435 ΘΜ
594 3381 627 3449 V,
658 3383 765 3449 ΘΝο,
791 3382 901 3450 ΘΜι,
925 3382 960 3451 ,η
982 3385 1045 3437 ΘΝ
1066 3401 1096 3436 1n
1120 3402 1189 3454 apo.

173 3455 298 3525 graph0“
317 3471 353 3507 m.
373 3468 426 3505 ree.
446 3451 479 3505 V.
571 3457 612 3506 18.
636 3451 734 3522 κοινή]
759 3451 829 3519 υονή
846 3469 873 3519 p.
958 3459 1000 3506 23.
1023 3457 1138 3526 χωρίον]
1161 3477 1195 3511 τι.

173 3523 275 3598 χορίον
293 3542 319 3592 p.
338 3549 340 3555 ·
397 3528 438 3576 24.
461 3521 526 3593 ἔχει]
547 3520 600 3587 ἔξει
618 3541 644 3591 p.
