2574 3882
114 170 157 234 82
383 165 471 224 nm
489 171 704 224 mmor
722 173 857 226 τοιιΗΣ.

113 321 182 380 ΕΔ
209 316 291 401 πρὸς
318 316 354 379 τὸ
378 313 442 378 ἀπὸ
465 323 523 398 τῆς
545 318 625 399 ΒΚ,
653 313 801 380 τουτέστι
829 317 865 382 τὸ
891 317 955 382 ἀπὸ
978 327 1035 400 τῆς
1059 319 1135 382 δια-

114 421 235 508 μέτρου
259 430 316 504 τῆς
338 429 398 486 τοῦ
420 423 603 507 κυλίνδρου
627 421 800 500 ἐλλείψεως
822 431 880 506 τῆς
900 427 967 488 ΕΔ
984 425 1067 510 πρὸς
1088 427 1132 490 τὸ

114 527 178 594 ἀπὸ
206 536 264 610 τῆς
291 531 452 610 συζυγοῦς
475 526 667 614 διαμέτρου,
696 529 740 606 ώς
763 525 800 594 δέ
822 533 859 594 τὸ
883 529 947 595 ἀπὸ
971 539 1028 614 τῆς
1051 535 1133 596 ΜΛ

113 635 197 720 πρὸς
223 636 260 698 τὸ
287 634 352 700 ὑπὸ
379 644 446 700 τών
473 638 554 718 ΒΛ,
577 639 660 719 ΛΚ,
687 635 793 712 οὕτως
819 637 856 701 τὸ
885 636 948 702 ἀπὸ
976 645 1033 720 τῆς
1055 639 1132 702 δια-

79 738 235 826 σμέτρου
267 749 325 824 τῆς
356 749 415 805 τοῦ
447 741 557 806 κώνου
591 741 764 820 ἐλλείψεως
795 743 878 829 πρὸς
910 745 947 808 τὸ
977 743 1041 809 ἀπὸ
1068 753 1132 828 τῆς

115 850 277 930 συζυγοῦς
296 845 483 934 διαμέτρου.
515 845 570 912 καλ
589 848 633 925 ώς
651 851 715 935 ἄρα
733 850 770 914 τὸ
790 849 853 914 ἀπὸ
872 859 930 934 τῆς
949 849 1132 938 διαμέτρου

114 962 173 1038 τῆς
199 963 259 1018 τοῦ
286 955 469 1040 κυλίνδρου
498 953 672 1033 ἐλλείψεως
698 957 780 1041 πρὸς
803 957 840 1021 τὸ
864 955 927 1022 ἀπὸ
950 965 1008 1040 τῆς
1031 961 1132 1036 συζυ-

115 1069 195 1144 γοῦς
218 1059 407 1146 διαμέτρου,
431 1060 536 1136 οὕτως
558 1062 595 1125 τὸ
620 1060 683 1126 ἀπὸ
707 1071 764 1146 τῆς
787 1061 964 1150 διαμέτρου
987 1072 1045 1148 τῆς
1066 1073 1132 1128 τοῦ

114 1169 225 1233 κώνου
250 1167 423 1245 ἐλλείψεως
445 1169 528 1253 πρὸς
546 1169 583 1232 τὸ
603 1167 665 1232 ιἰπὸ
684 1177 742 1252 τῆς
760 1173 922 1252 συζυγοῦς
940 1169 1131 1257 διαμέτρου.

63 1287 97 1336 10
115 1273 171 1339 καὶ
194 1274 238 1349 ὡς
261 1275 326 1359 ἄρα
349 1274 369 1357 ἡ
393 1273 568 1360 διάμετρος
590 1283 648 1358 τῆς
671 1273 844 1353 ἐλλείψεως
866 1285 926 1340 τοῦ
945 1277 1130 1363 κυλίνδρου

114 1383 197 1467 πρὸς
223 1381 285 1464 τὴν
315 1383 439 1462 συζυγῆ
468 1379 658 1466 διάμετρον,
688 1381 793 1457 οὕτως
820 1382 840 1465 ἡ
869 1383 1043 1469 διάμετρος
1070 1392 1132 1466 τῆς

115 1495 175 1552 τοῦ
198 1487 308 1551 κώνου
333 1485 506 1563 ἐλλείψεώς
529 1486 611 1572 πρὸς
629 1487 689 1570 τὴν
708 1492 831 1572 συζυγῆ
851 1489 1035 1576 διάμετρον.
1072 1495 1135 1556 καί

115 1596 200 1659 εἰσιν
232 1593 269 1656 αί
299 1592 450 1678 δεύτεραι
483 1591 652 1678 διάμετροι
683 1595 766 1680 πρὸς
798 1601 870 1672 ίσας
902 1599 1025 1678 γωνίας
1056 1608 1132 1674 ταῖς

116 1697 315 1786 διαμέτροις·
345 1697 528 1784 ἀμφότεραι
550 1700 613 1786 γὰρ
637 1701 844 1786 παράλληλοί
864 1704 928 1767 είσι
951 1715 1023 1780 ταῖς
1044 1705 1131 1790 πρὸς

63 1818 97 1867 15
116 1807 223 1893 ὀρθὰς
245 1814 284 1890 τῇ
308 1808 383 1869 ΒΗ
400 1815 439 1891 τῇ
464 1809 526 1870 ZO
549 1804 605 1870 καὶ
627 1816 666 1892 τῇ
689 1811 768 1872 ΛΠ.
804 1807 912 1894 ἡώρα
934 1819 994 1874 τοῦ
1016 1811 1131 1876 κώνου

116 1917 259 1991 ἔλλειψις
291 1912 388 1996 ὁμοία
420 1910 489 1976 ἐστὶ
519 1920 559 1998 τῇ
586 1920 646 1977 τοῦ
674 1915 856 2000 κυλίνδρου
884 1915 1039 2001 ἐλλείψει,
1070 1915 1130 1982 καὶ

115 2019 252 2103 γέγονεν
273 2018 339 2084 ὑπὸ
362 2027 422 2082 τοῦ
441 2019 545 2083 αὐτοῦ
564 2017 732 2104 ἐπιπέδου,
750 2019 805 2085 καὶ
824 2021 965 2106 συνέστη
984 2023 1002 2088 ὁ
1020 2035 1131 2101 κῶνος

116 2125 169 2192 ἐπὶ
195 2135 253 2210 τῆς
280 2125 381 2208 αὐτῆς
407 2125 534 2208 βάσεως
560 2134 605 2214 τῷ
627 2128 795 2215 κυλίνδρῳ
819 2127 874 2192 καὶ
896 2129 961 2195 ὑπὸ
984 2131 1021 2195 τὸ
1046 2131 1130 2196 αὐτὸ

115 2234 214 2312 ὕψος·
238 2233 319 2317 ἅπερ
343 2226 385 2314 ἦν
408 2233 448 2295 τὰ
472 2230 696 2316 έπιταχθέντα,

62 2441 97 2490 κο
593 2427 651 2507 κζ’.

188 2555 254 2618 Γον
268 2551 413 2618 δοθέντα
430 2554 612 2639 κύλινδρον
630 2550 650 2636 ἢ
669 2563 779 2618 κώνου
797 2557 963 2638 σκαληνὸν
982 2558 1132 2624 δυνατόν

116 2660 206 2726 ἐστιν
234 2661 298 2726 ἀπὸ
326 2669 385 2725 τοῦ
414 2657 526 2747 ἑτέρου
548 2658 669 2747 μέρους
692 2659 875 2744 ἀπειραχῶς
897 2675 1005 2747 τεμεῖν
1028 2665 1131 2732 δυσὶν

117 2766 298 2843 ἐπιπέδοις
314 2769 358 2851 μὴ
390 2769 607 2853 παραλλήλους
638 2762 699 2850 μέν
726 2765 896 2852 κειμένοις,
927 2780 1063 2837 ποιοῦσι
1091 2771 1131 2838 δέ

117 2872 232 2956 ὁμοίας
255 2873 423 2950 ἐλλείψεις.

63 2992 98 3041 25
185 2981 268 3043 έστώ
291 2989 424 3063 πρῶτον
447 2979 465 3044 ὁ
489 2977 602 3055 δοθεὶς
624 2980 802 3066 κύλινδρος
825 2986 1002 3068 σκαληνός,
1026 2982 1067 3051 οὗ
1090 2988 1129 3052 τὸ

118 3087 174 3150 διὰ
196 3094 256 3150 τοῦ
280 3083 396 3162 ἄξονος
417 3088 760 3174 παραλληλόγραμμον
780 3089 817 3152 τὸ
836 3091 901 3152 ΑΒ
918 3091 1003 3177 πρὸς
1021 3091 1129 3178 ὀρθὰς

118 3194 157 3259 ὂν
180 3203 220 3279 τῇ
242 3193 337 3277 βρίσει
359 3200 419 3256 τοῦ
440 3184 634 3279 κυλίνδρου,
656 3191 711 3258 καὶ
733 3193 922 3260 ὑποκείσθω
942 3197 962 3280 ἡ
980 3200 1064 3281 πρὸς
1081 3209 1128 3288 τῷ

117 3307 151 3366 A
173 3303 278 3385 γωνία
300 3297 398 3384 ὀξεῖα,
420 3297 475 3364 καὶ
498 3300 555 3364 διδ
577 3309 636 3365 τοῦ
652 3303 693 3394 ,Γ
710 3301 804 3384 ἤχθω
827 3302 968 3378 κάθετος
991 3303 1043 3368 ἐπὶ
1066 3309 1129 3391 τὴν

188 3466 213 3512 4.
234 3459 297 3530 ΒΛ]
315 3476 369 3527 vp,
398 3459 427 3510 et
444 3456 470 3510 V
492 3457 534 3511 ita
559 3459 632 3511 utB
654 3457 808 3512 litteram
832 3458 931 3513 similis
955 3460 1003 3530 sit3
1032 3468 1085 3518 ΑΛ
1104 3481 1127 3518 ο.

155 3535 178 3582 7.
197 3538 246 3583 τοῦ
265 3562 300 3570 -
320 3525 480 3600 ἐλλείψεως]
500 3527 645 3598 ἐλλείψεως
662 3537 712 3583 τοῦ
731 3526 880 3599 κυλίνδρου
898 3549 925 3600 p.
1004 3531 1074 3601 πρός
1094 3567 1128 3576 -
