2594 3878
155 214 217 278 186
462 215 550 265 nm
566 213 697 266 Κοαον
714 213 851 266 mom.

152 359 173 442 ἡ
186 364 218 422 Ε
229 359 312 440 πρὸς
328 363 364 422 Ζ.
391 359 431 424 τὸ
444 358 485 442 δὴ
500 359 741 444 συνιστάμενον
755 361 923 444 τρίγωνον
934 359 995 441 τὴν
1010 358 1167 443 κορυφὴν

151 464 215 542 ἔξει
247 463 299 530 ἐπὶ
329 465 369 528 τὰ
396 474 455 528 τοῦ
483 469 522 528 Η
541 464 637 551 μέρη,
662 465 706 541 ὡς
736 466 954 548 δειχθήσεται.
1004 467 1090 528 ἴστω
1121 465 1165 548 δὴ

151 573 189 636 τὸ
212 575 341 655 ΜΗΘ,
370 572 452 636 ὥστε
478 573 540 655 την
568 575 651 636 ΜΗ
672 573 819 657 πλευρὰν
846 580 904 655 τῆς
931 575 1006 636 ΜΘ
1032 573 1168 654 μείζονα

152 673 245 742 εἶναι.
292 677 361 743 ἐπεὶ
384 675 446 744 οὖν
469 679 489 761 ἡ
513 683 590 743 MA
611 689 651 764 τῇ
675 682 745 742 AK
766 685 837 762 ἴση,
860 680 955 762 κοινὴ
979 675 1015 742 δὲ
1038 677 1058 761 ἡ
1083 681 1167 760 AH,

117 798 133 845 5
152 787 269 869 μείζων
292 781 329 848 δὲ
351 786 372 868 ἡ
394 785 459 850 ὑπὸ
474 787 587 848 ΚΛΗ
605 789 710 868 γωνία
733 795 790 868 τῆς
812 785 877 849 ὑπὸ
896 788 1022 868 ΜΛΗ,
1045 787 1167 868 μείζων

153 893 216 972 ἄρα
243 891 263 975 η
291 895 368 955 ΚΗ
389 900 447 975 της
474 895 555 956 ΜΗ.
606 891 626 975 ἡ
655 889 692 955 δὲ
718 895 795 956 ΚΗ
816 901 856 977 τῇ
885 895 950 955 ΓΑ
974 897 1041 974 ἴση·
1065 889 1166 974 καὶὴ

154 1001 218 1064 ΓΑ
240 999 304 1083 ἄρα
327 1007 384 1080 τῆς
402 1001 486 1062 ΜΗ
504 1001 622 1082 μείζων
646 998 723 1062 ἐστί.
760 999 861 1062 πάλιν
884 995 953 1063 ἐπεὶ
976 997 996 1080 ἡ
1020 1001 1088 1062 ΚΘ
1105 1006 1167 1080 τῆς

150 1109 225 1188 ΜΘ
253 1105 397 1170 ἐλάττων
424 1103 571 1188 ἑστίν,ἡ
600 1102 636 1169 δὲ
664 1109 739 1169 ΜΘ
765 1115 823 1188 τῆς
850 1109 933 1170 ΜΗ
957 1103 1114 1186 ἐλάττων,
1142 1103 1166 1186 ἡ

151 1213 214 1293 ἄρα
242 1215 310 1276 ΚΘ
336 1221 397 1294 τῆς
421 1212 507 1276 ΜΗ
528 1211 672 1276 ἐλάττων
699 1211 798 1276 ἐστίν.
849 1210 918 1277 ἐπεὶ
946 1207 1008 1276 οὖν
1035 1209 1055 1293 η
1084 1214 1167 1274 ΜΗ

100 1331 133 1379 10
151 1327 209 1401 τῆς
235 1314 295 1402 μὲν
317 1321 471 1401 μεγίστης
493 1329 561 1382 τῶν
584 1317 621 1383 ἐν
643 1327 688 1406 τῷ
714 1319 810 1406 κώνῳ
839 1317 982 1383 ἐλάττων
1010 1315 1078 1382 ἐστὶ
1105 1325 1166 1399 τῆς

151 1428 231 1507 ΑΓ,
258 1433 316 1507 τῆς
339 1420 376 1487 δὲ
403 1423 573 1507 ἐλαχίστης
595 1427 714 1509 μείζων
736 1434 794 1508 τῆς
816 1431 901 1508 AA,
929 1425 1074 1490 δυνατὸν
1097 1425 1165 1509 ἄρα

151 1530 290 1595 εὐθεῖαν
316 1536 392 1613 ἴσην
423 1541 463 1616 νῇ
493 1535 577 1595 ΜΗ
600 1531 663 1596 ἀπὸ
693 1540 751 1614 τῆς
778 1538 810 1596 Α
839 1541 989 1617 κορυφῆς
1020 1529 1072 1596 ἐπὶ
1102 1533 1165 1614 την

150 1635 364 1722 περιφέρειαν
384 1647 443 1721 τῆς
459 1637 588 1720 βάσεως
604 1637 750 1722 ἀγαγεῖν,
774 1638 818 1714 ὡς
836 1639 899 1721 ἤδη
918 1639 1162 1722 μεμαθήκαμεν.

150 1743 244 1826 ἤχθω
269 1744 310 1827 δὴ
333 1742 388 1808 καὶ
412 1747 495 1810 ἔστω
517 1744 538 1827 ἡ
557 1749 638 1828 AN,
661 1743 717 1809 καὶ
740 1744 924 1829 ἐπεζεύχθω
947 1743 1092 1828 ηΝΒΞ
1106 1742 1162 1808 καὶ

99 1848 171 1932 15η
195 1850 267 1924 ΑΞ.
314 1849 384 1915 ἐπεὶ
412 1847 473 1917 οὖν
498 1857 551 1934 ἴση
576 1851 597 1934 ἡ
620 1848 680 1936 μὲν
703 1856 779 1917 AN
797 1862 836 1937 τῇ
860 1855 952 1934 ΜΗ,
980 1849 1000 1933 ἡ
1029 1848 1066 1915 δὲ
1093 1855 1162 1916 NB

150 1966 189 2041 τῇ
218 1962 303 2041 ΗΛ,
331 1957 351 2041 ἡ
379 1955 417 2022 δὲ
444 1963 512 2022 BA
533 1968 573 2044 τῇ
597 1963 686 2042 ΛΜ,
714 1959 793 2023 ὅλον
816 1960 880 2044 ἄρα
903 1959 940 2023 τὸ
964 1962 1069 2022 ANB
1092 1960 1162 2039 τρί-

149 2085 259 2144 γωνον
281 2074 327 2150 τῷ
346 2069 464 2129 ΜΗΛ
486 2072 559 2130 ἴσον
583 2063 651 2130 ἐστὶ
673 2063 728 2129 καὶ
751 2065 771 2148 ἡ
790 2066 854 2130 ὑπὸ
874 2069 984 2130 ΑΒΝ
998 2067 1103 2147 γωνία
1121 2073 1161 2148 τῇ

114 2217 115 2222 κ
149 2169 214 2234 ὑπὸ
247 2175 378 2234 ΜΛΗ·
411 2169 466 2236 καὶ
496 2171 517 2254 ἡ
549 2172 614 2236 ὑπὸ
646 2171 751 2245 ABE
777 2173 841 2256 ἄρα
872 2182 912 2257 τῇ
942 2171 1008 2238 ὑπὸ
1041 2175 1161 2236 MA&

150 2276 251 2340 πάλιν
274 2275 344 2342 ἐπεὶ
367 2284 421 2360 οη
445 2277 465 2360 η
489 2275 551 2362 μὲν
572 2283 639 2342 ΑΒ
660 2288 700 2364 τη
724 2283 809 2362 ΛΜ,
832 2277 852 2361 η
876 2275 913 2342 ω
935 2279 1001 2352 ΒΞ
1020 2290 1060 2364 τη
1084 2283 1162 2361 Ae,

98 2397 132 2445 20
151 2383 234 2448 ἀλλὰ
258 2382 314 2449 καὶ
336 2383 357 2468 ἡ
379 2385 445 2450 ὑπὸ
468 2391 501 2449 A
506 2385 571 2458 ΒΞ
590 2389 696 2468 γωνία
719 2391 774 2468 ἴση
797 2383 866 2449 ἐστὶ
888 2395 927 2470 τῇ
950 2385 1017 2450 ὑπὸ
1039 2389 1116 2450 ΜΛ
1122 2389 1161 2468 Θ,

151 2497 204 2574 ἴση
232 2493 296 2577 ἅμα
324 2492 343 2576 ἡ
371 2492 440 2567 ΑΞ
463 2503 502 2578 τῇ
530 2497 613 2557 ΜΘ.
663 2487 705 2574 ἦν
733 2488 770 2556 δὲ
796 2489 852 2556 καὶ
879 2491 899 2574 ἡ
925 2497 1001 2558 AN
1019 2502 1058 2578 τῇ
1082 2496 1165 2556 ΜΗ

151 2605 204 2681 ἴση
228 2598 283 2664 καὶ
305 2598 325 2682 ἡ
345 2599 415 2673 ΝΞ
435 2600 532 2684 βάσις
553 2608 593 2684 τῇ
620 2603 703 2663 ΗΘ·
725 2600 763 2664 τὸ
786 2600 850 2684 ἄρα
869 2603 945 2664 AN
946 2597 976 2672 Ξ
995 2602 1162 2684 τρίγωνον

151 2711 225 2770 ἴσον
248 2705 316 2771 ἐστὶ
339 2716 386 2794 τῷ
409 2711 531 2771 ΗΜΘ.
577 2705 661 2770 ἀλλὰ
683 2706 721 2770 τὸ
745 2709 860 2770 ΗΜΘ
881 2707 964 2791 πρὸς
986 2706 1023 2770 τὸ
1043 2709 1161 2789 ΗΚΘ,

149 2813 297 2878 τουτέστι
325 2814 407 2898 πρὸς
434 2814 472 2878 τὸ
500 2816 616 2896 ΓΑΔ,
644 2815 746 2894 λόγον
772 2814 837 2895 ἔχει
864 2813 924 2878 τὸν
946 2821 1003 2897 τῆς
1025 2817 1058 2876 Η
1077 2813 1164 2898 πρὸς

97 2931 131 2981 25
151 2923 191 2982 Z·
215 2918 270 2982 καὶ
293 2921 329 2984 τὸ
353 2919 460 2993 ΑΝΞ
480 2921 545 3005 ἄρα
566 2919 650 3004 πρὸς
671 2919 708 2982 τὸ
732 2921 834 2982 ΑΓΔ
857 2921 959 3001 λόγον
981 2922 1056 3003 ἔχει,
1079 2918 1161 3002 ὃνὴ

222 3084 245 3131 1.
272 3077 308 3148 Ζ]
328 3076 379 3146 τὴν
401 3080 465 3145 Zp.
555 3074 639 3130 τό-
660 3082 683 3130 2.
704 3073 769 3202 ἕξειχ
793 3074 868 3128 ἔσται
887 3075 922 3146 δὴ
942 3075 959 3144 ἡ
979 3076 1089 3147 κορυφὴ
1109 3086 1159 3132 τοῦ

151 3150 247 3204 ΜΗΘ
264 3149 400 3217 τριγώνου
418 3165 444 3215 p.
518 3153 542 3201 2.
564 3147 629 3201 ἴστω
643 3177 680 3186 -
693 3152 718 3200 4.
738 3165 751 3200 ε
765 3146 825 3217 ναι]
843 3147 892 3200 καὶ
910 3146 927 3216 ἡ
947 3151 1014 3200 ΜΗ
1030 3155 1079 3218 τῆς
1096 3152 1161 3204 ΜΘ

150 3219 249 3290 μείζων
266 3237 293 3289 p.
356 3226 379 3273 6.
402 3219 463 3290 ΓΑ]
482 3235 551 3273 corr.
567 3233 601 3271 ex
621 3222 673 3272 ΓΒ
689 3236 716 3289 p.
778 3223 800 3272 7.
820 3215 931 3342 μείζωνχ
951 3217 1070 3274 ἐλάττων
1089 3237 1160 3274 corr.

150 3310 184 3346 ex
202 3289 324 3345 ἐλάσσων
341 3308 368 3359 p.
442 3295 466 3343 8.
487 3287 606 3344 ἐλάττων
616 3287 687 3358 (alt.)
703 3322 735 3330 -
752 3295 775 3343 9.
791 3294 819 3344 K
824 3291 859 3361 Θ]
878 3311 916 3344 κα
945 3289 963 3358 ἡ
981 3293 1038 3345 ΚΘ
1057 3289 1113 3360 ἄρα
1132 3310 1160 3361 p.

186 3369 226 3417 14.
252 3362 409 3433 ἐπεζεύχθω
428 3392 462 3401 -
481 3359 545 3432 καί]
570 3359 618 3415 διὰ
640 3369 691 3415 τοῦ
715 3365 736 3414 Β
761 3360 844 3432 ἤχθω
866 3360 884 3429 ἡ
909 3363 1001 3422 NB&
1024 3362 1073 3416 καῖ
1096 3361 1161 3417 ἐττε-

150 3436 257 3504 ζείχθω
275 3452 302 3502 p.
394 3437 435 3486 15.
461 3431 517 3503 ἴση]
543 3431 587 3501 ίση
608 3429 683 3488 ἐστίν
721 3475 725 3488 .
819 3437 859 3488 16.
885 3430 949 3488 ὅλον
969 3432 1036 3504 ἄρα]
1060 3431 1109 3488 καί
1131 3453 1159 3504 p.

186 3512 227 3558 17.
246 3505 295 3574 τῶ]
316 3503 370 3571 ἄρα
385 3508 422 3576 τῷ
440 3522 467 3572 p.
522 3503 595 3556 Ante
615 3501 676 3556 ἴσον
695 3450 807 3570 Καὶτρι
825 3520 860 3556 m.
877 3509 891 3556 1
908 3520 930 3556 ο.
986 3509 1026 3558 18.
1047 3507 1160 3580 ΜΛΗ]

150 3579 246 3628 ΜΛΗ
264 3559 308 3644 ίση
331 3593 358 3643 p.
441 3573 508 3644 ἄρα]
532 3590 585 3627 om.
604 3589 631 3641 p.
723 3579 765 3627 20.
789 3571 877 3643 γωνία
896 3573 941 3644 ἴση
962 3572 1033 3646 ἐστί]
1058 3592 1111 3632 om.
1130 3595 1159 3646 p.
