2594 3878
138 233 180 297 86
407 235 495 285 ΠΕΡΙ
512 235 728 287 ΚΤΛΙΝΔΡΟΤ
746 237 883 288 ΤΟΜΗΣ.

137 379 196 443 τὸν
223 380 324 460 λόγον
351 372 436 442 εἶναι
464 389 531 444 τῶν
559 376 744 465 διαμέτρων
771 381 831 469 τὸν
859 379 961 444 αὐτὸν
983 379 1066 466 πρὸς
1090 379 1157 462 τὴν

138 484 243 568 αὐτὴν
266 485 326 567 τὴν
349 490 381 548 Α
388 488 423 549 Γ.

193 625 301 691 Ἔστω
325 623 361 691 δὲ
383 636 449 691 νῦν
471 627 489 693 ὁ
513 627 628 706 δοθεὶς
649 639 756 706 κῶνος
778 632 950 713 σκαλχυός,
974 623 1015 692 οὗ
1038 629 1075 693 τὸ
1095 629 1155 692 διά

137 742 197 808 τοῦ
221 731 338 810 ἄξονος
358 737 523 821 τρίγωνον
541 736 578 800 τὸ
598 739 703 800 ΑΒΓ
715 737 798 824 πρὸς
817 736 923 822 ὀρθάς
941 735 981 800 ὂν
999 745 1038 821 τῇ
1057 735 1155 819 βάσει

103 855 119 902 5
138 849 198 905 τοῦ
220 842 341 925 κώνου,
363 839 419 906 καὶ
442 844 523 906 ἔστω
547 841 567 924 ἡ
587 846 652 906 ΑΒ
672 851 729 926 τῆς
748 845 818 907 ΑΓ
831 845 959 927 μείζων,
982 841 1037 906 καί
1060 863 1155 928 περι-

137 948 320 1036 γεγράφθω
344 949 478 1032 κύκλος,
506 947 561 1013 καί
583 951 677 1033 ἤχθω
703 949 759 1013 διά
782 957 842 1013 τοῦ
865 955 898 1014 A
920 958 960 1034 τῇ
983 951 1052 1013 ΒΓ
1069 970 1155 1034 παρ-

138 1055 279 1139 άλληλος
301 1055 322 1139 ἡ
341 1060 411 1120 ΑΔ
430 1056 584 1138 δηλονότι
605 1054 769 1140 τέμνουσα
787 1057 846 1120 τὸν
864 1057 998 1139 κύκλον,
1020 1052 1156 1139 καὶτῆς

136 1167 169 1226 Δ
175 1168 206 1226 Α
232 1165 442 1248 περιφερείας
470 1164 546 1248 δίχα
572 1165 753 1247 τμηθείσης
779 1163 862 1227 κατά
884 1163 921 1227 τὸ
945 1167 977 1226 E
998 1163 1153 1246 εἰλήφθω

137 1292 169 1333 τι
197 1280 332 1352 σημεῖον
360 1266 413 1333 ἐπὶ
440 1278 498 1352 τῆς
525 1274 595 1334 ΔΕ
615 1273 825 1355 περιφερείας
847 1270 884 1334 τὸ
910 1273 952 1353 Ζ,
977 1265 1034 1332 καὶ
1055 1269 1152 1351 ἤχθω

86 1389 118 1436 10
137 1377 346 1462 παράλληλος
372 1385 412 1460 τῇ
440 1381 510 1440 ΔΑ
537 1375 557 1459 ἡ
587 1380 668 1460 ΖΗ,
704 1373 759 1440 καὶ
789 1375 1017 1459 ἐπιζευχθεῖσα
1043 1373 1063 1457 ἡ
1091 1370 1155 1458 μὲν

138 1487 204 1547 ΖΑ
231 1479 440 1566 συμπιπτέτω
468 1491 508 1567 τῇ
535 1485 603 1546 ΒΓ
625 1483 707 1546 κατά
733 1483 771 1547 τὸ
801 1487 843 1566 Θ,
871 1481 891 1564 ἡ
916 1477 952 1546 δὲ
975 1485 1047 1545 ΗΑ
1069 1480 1155 1544 κατά

137 1589 174 1652 τὸ
202 1591 249 1651 Κ·
281 1588 326 1664 ὡς
353 1589 417 1674 άρα
445 1588 465 1672 ι]
493 1592 566 1652 ΑΚ
592 1589 674 1674 πρὸς
700 1589 763 1673 τὴν
790 1592 876 1672 ΚΗ,
905 1587 1010 1664 οὕτως
1037 1586 1058 1670 ἡ
1083 1591 1156 1651 ΑΘ

137 1695 221 1782 πρὸς
252 1696 313 1779 τὴν
343 1698 414 1759 ΘΖ.
465 1692 537 1760 ἀλλ’
568 1695 613 1772 ὡς
639 1691 700 1780 μὲν
727 1695 747 1778 ἡ
775 1698 847 1759 ΑΚ
869 1695 953 1781 πρὸς
980 1695 1041 1778 τὴν
1068 1696 1155 1778 ΚΗ,

137 1802 242 1878 οὕτως
269 1803 306 1866 τὸ
336 1800 399 1866 άπὸ
426 1810 484 1886 τῆς
511 1805 583 1866 ΑΚ
607 1803 691 1888 πρὸς
718 1803 755 1867 τὸ
783 1802 848 1866 ὑπὸ
876 1811 943 1866 τῶν
967 1803 1053 1883 ΗΚ,
1072 1802 1155 1883 ΚΑ,

85 1919 118 1967 15
137 1909 182 1986 ὡς
210 1905 246 1972 δὲ
274 1909 294 1992 ἡ
322 1912 390 1973 ΑΘ
416 1909 499 1994 πρὸς
525 1911 586 1992 τὴν
616 1913 694 1992 ΘΖ,
723 1907 829 1984 οὕτως
855 1909 892 1972 τὸ
916 1905 980 1972 ἀπὸ
1003 1914 1062 1990 τῆς
1084 1910 1156 1970 ΑΘ

134 2017 219 2102 πρὸς
246 2016 283 2079 τὸ
311 2015 376 2079 ὑπὸ
400 2024 467 2079 τῶν
489 2019 571 2099 ΑΘ,
597 2019 672 2080 ΘΖ·
701 2015 745 2092 ὡς
768 2016 832 2100 άρα
854 2015 891 2079 τὸ
916 2012 979 2080 άπὸ
1002 2021 1060 2096 τῆς
1082 2015 1160 2076 ΑΚ

136 2123 219 2207 πρὸς
241 2123 278 2186 τὸ
301 2121 366 2186 ὑπὸ
385 2131 452 2186 τῶν
470 2125 552 2206 ΗΚ,
571 2125 650 2206 ΚΑ,
674 2119 823 2186 τουτέστι
842 2120 925 2207 πρὸς
943 2121 980 2184 τὸ
999 2119 1065 2184 ὑπὸ
1084 2129 1155 2183 τῶν

137 2231 217 2310 ΒΚ,
242 2231 319 2312 ΚΓ,
348 2227 454 2304 οὕτως
481 2229 518 2292 τὸ
546 2227 610 2293 άπὸ
637 2237 696 2312 τῆς
723 2231 791 2293 ΑΘ
817 2228 900 2314 πρὸς
926 2227 964 2292 τὸ
993 2225 1059 2290 ὑπὸ
1084 2233 1156 2288 τῶν

140 2338 212 2418 ΖΘ,
239 2339 318 2418 ΘΑ,
346 2333 495 2399 τουτέστι
523 2337 605 2420 πρὸς
632 2336 669 2399 τὸ
692 2335 757 2400 ὑπὸ
781 2345 848 2399 τῶν
871 2338 951 2418 ΒΘ,
977 2335 1048 2398 ΘΓ.
1094 2329 1155 2396 ἐάν

85 2453 120 2502 20
139 2437 201 2507 οὖν
224 2441 433 2526 διαγάγωμεν
456 2442 590 2518 εὐθείας
611 2443 844 2526 παραλλήλους
866 2449 904 2526 τῇ
924 2436 985 2524 μὲν
1003 2441 1076 2504 ΑΚ
1090 2439 1155 2521 τὴν

139 2554 225 2634 ΛΜ,
248 2561 287 2636 τῇ
311 2546 348 2614 δὲ
366 2556 399 2614 Α
407 2554 435 2614 Θ
452 2551 514 2633 τὴν
533 2552 613 2633 ΛΝ,
635 2547 691 2612 καὶ
714 2546 759 2613 δι’
781 2548 891 2613 αὐτῶν
914 2543 1060 2631 άχθίντα
1083 2543 1154 2608 ἐπί-

136 2658 220 2722 πεδα
242 2654 322 2742 τέμχ
345 2658 403 2722 τὸν
426 2669 550 2741 κῶνον,
578 2655 694 2741 ὁμοίας
717 2653 875 2732 ἐλλείψεις
897 2656 1036 2736 ποιήσει.
1082 2649 1155 2716 ἐπεὶ

137 2764 215 2849 γάρ,
244 2764 288 2840 ὡς
310 2764 348 2827 τὸ
371 2762 434 2828 άπὸ
457 2772 516 2848 τῆς
537 2766 610 2827 ΑΚ
628 2763 711 2849 πρὸς
733 2763 770 2826 τὸ
793 2760 858 2827 ὑπὸ
882 2770 950 2825 τῶν
972 2761 1052 2842 ΒΚ,
1076 2761 1154 2842 ΚΓ,

138 2869 243 2946 οὕτως
273 2869 310 2932 τὸ
339 2869 402 2933 άπὸ
430 2879 487 2953 τῆς
514 2873 582 2933 ΑΘ
608 2870 691 2953 πρὸς
718 2870 755 2933 τὸ
782 2867 847 2933 ὑπὸ
875 2877 943 2931 τῶν
970 2869 1049 2948 ΒΘ,
1079 2867 1154 2948 ΘΓ,

85 2986 119 3035 25
139 2973 210 3040 ἀλλ’
237 2977 282 3052 ὡς
308 2970 368 3058 μὲν
395 2976 432 3039 τὸ
461 2973 524 3040 άπὸ
551 2983 609 3058 τῆς
636 2978 708 3039 ΑΚ
726 2975 810 3060 πρὸς
832 2975 868 3039 τὸ
892 2973 956 3037 ὑπὸ
980 2982 1047 3037 τῶν
1070 2973 1154 3056 ΒΚ,

211 3246 234 3298 1.
253 3239 303 3294 τὸν
322 3236 420 3308 αὐτόν]
439 3246 494 3292 τῶν
513 3239 605 3292 αὐτῶν
625 3254 647 3292 ο.
731 3243 755 3292 3.
775 3234 823 3308 δέ]
843 3235 879 3305 δή
896 3254 923 3305 p.
1002 3241 1025 3290 5.
1045 3235 1104 3304 τῆς]
1124 3251 1154 3303 p,

138 3322 172 3386 τῇ
189 3312 242 3367 Vc.
330 3306 809 3364 ν.ΑιιιεΑΔσο1,τὸνοοθέυσ.
897 3312 938 3361 13.
960 3307 1029 3378 ΘΖ]
1052 3308 1104 3360 ΖΘ
1123 3323 1152 3374 p.

176 3389 217 3438 16.
235 3385 299 3454 ΑΘ,
320 3382 388 3452 ΘΖ]
410 3382 472 3448 ΖΘ,
494 3383 540 3436 ΘΑ
557 3397 585 3449 p.
663 3385 704 3435 17.
723 3379 795 3452 ὑπό]
815 3395 883 3433 corr.
905 3394 938 3432 ex
956 3376 1013 3432 ἀπό
1032 3395 1068 3431 m.
1090 3383 1101 3430 1
1124 3393 1153 3445 p.

174 3453 349 3510 τουτέστι-
368 3456 409 3506 18.
429 3453 502 3523 ΚΓ]
522 3468 575 3506 om.
590 3469 616 3520 p.
691 3456 732 3504 19.
751 3447 928 3506 τουτέστι-
949 3450 1021 3520 ΘΓ]
1041 3449 1078 3510 ὡς
1095 3445 1154 3515 ἄρα

139 3525 171 3579 τὸ
190 3525 248 3580 ἀπὸ
265 3533 314 3594 τῆς
331 3528 388 3579 ΑΚ
408 3523 478 3591 πρὸς
501 3522 531 3577 τὸ
554 3523 610 3577 ὑπὸ
634 3531 689 3576 τῶν
708 3525 778 3589 ΗΚ,
798 3525 864 3589 ΚΑ,
891 3516 1015 3575 τουτέστι
1032 3519 1102 3588 πρὸς
1120 3518 1153 3573 τὸ

139 3596 194 3650 ὑπὸ
213 3605 268 3650 τῶν
288 3601 348 3664 ΒΚ,
364 3600 391 3650 Κ
397 3592 520 3664 Γ,,οάτω
538 3593 569 3648 τὸ
589 3593 646 3648 ἀπὸ
664 3601 713 3662 τῆς
731 3595 785 3648 ΑΘ
803 3592 873 3661 πρὸς
891 3591 995 3648 τὸάπὸ
1014 3600 1069 3646 τῶν
1091 3592 1155 3659 ΖΘ,
