2604 3880
175 192 242 254 274
485 194 573 244 ΠΕΡΙ
590 192 718 244 ΚΩΝΟΤ
736 193 872 244 ΤΟΜΗΣ.

178 340 239 401 ΓΔ
256 337 339 418 πρὸς
356 338 417 421 τὴν
436 342 509 402 ΕΖ.
547 339 628 401 ἔστω
647 345 715 399 τῶν
735 339 813 416 ΘΒ,
831 338 908 398 ΑΗ
922 332 1002 418 μέση
1021 332 1188 416 ἀνάλογον

176 441 197 525 ἡ
221 446 308 526 ΚΗ,
330 441 385 507 καὶ
409 443 657 526 ἐπεζεύχθωσαν
680 442 717 506 αἱ
733 443 806 524 ΚΓ,
826 445 909 505 ΚΛ·
933 441 977 517 ὡς
1000 442 1062 525 ἄρα
1086 440 1106 524 ἡ
1128 444 1188 505 ΓΔ

176 551 260 634 πρὸς
286 551 348 633 τὴν
370 554 448 633 ΕΖ,
476 549 581 626 οὕτως
607 549 628 631 ἥ
656 571 690 612 τε
714 551 779 612 ΒΘ
805 547 888 632 πρὸς
910 549 972 631 τὴν
994 551 1069 612 KH
1087 546 1143 612 καὶ
1166 549 1187 632 ἡ

178 659 255 719 ΚΗ
277 655 361 741 πρὸς
387 657 448 739 τὴν
474 658 555 719 ΗΑ.
606 651 675 719 ἐπεὶ
702 649 778 737 οὖν,
806 654 851 729 ὡς
877 652 898 735 ἡ
927 657 991 718 ΓΔ
1017 655 1101 738 πρὸς
1125 655 1189 737 τὴν

142 765 256 844 5ΕΖ,
294 761 399 838 οὕτως
433 761 453 844 ἡ
487 765 551 825 ΒΘ
586 762 669 846 πρὸς
704 761 765 844 τὴν
796 763 882 844 ΚΗ,
918 761 956 824 τὸ
988 763 1086 824 ΒΕΖ
1121 761 1186 843 ἄρα

178 869 343 953 τρίγωνον
367 873 441 931 ἴσον
463 865 532 931 ἐστὶ
554 876 600 955 τῷ
623 869 726 931 ΚΓΛ
748 867 907 953 τριγώνῳ.
953 864 1009 930 καὶ
1033 865 1115 949 ἐπεί,
1140 866 1187 942 ὡς

178 974 199 1058 ἡ
223 977 284 1038 ΓΔ
305 974 389 1060 πρὸς
410 975 472 1057 τὴν
494 978 573 1057 ΕΖ,
602 974 707 1050 οὕτως
729 972 749 1056 ἡ
773 977 849 1037 ΚΗ
866 973 950 1059 πρὸς
971 972 1058 1056 HA,
1084 973 1128 1048 ῶς
1151 969 1188 1037 δὲ

178 1079 198 1163 ἡ
222 1084 299 1144 KH
317 1081 400 1166 πρὸς
422 1081 483 1164 τὴν
505 1083 592 1165 ΗΑ,
615 1080 720 1155 οὕτως
742 1080 779 1144 τὸ
799 1082 897 1143 ΚΓΔ
919 1083 1084 1166 τρίγωνον
1105 1080 1190 1165 πρὸς

178 1188 216 1252 τὸ
235 1190 343 1270 ΑΓΛ,
367 1186 412 1262 ὡς
429 1185 531 1273 ἅραὴ
552 1190 612 1251 ΓΔ
630 1187 712 1272 πρὸς
730 1187 792 1270 τὴν
809 1191 887 1269 ΕΖ,
909 1181 1014 1262 οὕτως
1031 1186 1069 1250 τὸ
1088 1188 1188 1249 ΚΓΔ

125 1303 160 1351 10
179 1297 353 1378 τρίγωνον,
375 1291 523 1358 τουτέστι
546 1293 583 1358 τὸ
607 1297 705 1358 ΒΕΖ
727 1295 901 1378 τρίγωνον,
923 1293 1006 1376 πρὸς
1027 1293 1065 1357 τὸ
1088 1294 1188 1356 ΑΓΛ

179 1401 357 1483 τρίγωνον·
389 1397 444 1464 καὶ
477 1400 522 1475 ὡς
553 1401 618 1485 ἄρα
649 1401 686 1464 τὸ
714 1402 814 1463 ΑΓΛ
843 1402 1007 1484 τρίγωνον
1037 1399 1120 1484 πρὸς
1151 1399 1189 1462 τὸ

180 1509 294 1588 ΒΕΖ,
318 1505 422 1581 οὕτως
445 1504 465 1588 ἡ
484 1510 547 1572 ΕΖ
570 1505 666 1588 βάσις
688 1507 771 1591 πρὸς
793 1507 854 1589 τὴν
874 1509 934 1570 ΓΔ
953 1505 1060 1588 βάσιν.
1098 1503 1188 1569 ἀντι-

179 1609 348 1676 πέπονθεν
389 1612 453 1696 ἅρα
492 1612 532 1677 τὰ
568 1611 736 1696 ἐκκείμενα
772 1615 920 1697 τρίγωνα,
953 1623 1024 1688 ταῖς
1061 1608 1190 1676 ἑαυτῶν

178 1717 323 1801 βάσεσιν.

126 1904 159 1952 15
648 1892 717 1959 νθ’.

240 2029 301 2099 Ὧν
331 2037 449 2100 κώνων
481 2035 598 2121 ὀρθῶν
625 2033 847 2101 ἄντιπέπονθε
874 2036 914 2100 τὰ
941 2036 998 2100 διὰ
1024 2048 1092 2102 τῶν
1119 2035 1191 2115 ἀξό-

179 2163 249 2204 νων
280 2143 426 2226 τρίγωνα
456 2151 528 2216 ταῖς
554 2137 680 2206 ἑαυτῶν
707 2141 857 2225 βάσεσιν,
889 2138 982 2208 οὗτοι
1010 2149 1076 2208 ἴσοι
1103 2141 1190 2208 εἰσὶν

181 2244 344 2329 ἀλλήλοις.

248 2356 395 2418 ἔστωσαν
421 2363 523 2417 κῶνοι
550 2352 664 2439 ὀρθοί,
693 2347 741 2418 ὧν
767 2351 913 2438 κορυφαὶ
936 2351 997 2438 μὲν
1019 2354 1059 2419 τὰ
1082 2359 1128 2438 Α,
1158 2359 1189 2419 Β

127 2471 162 2520 20
182 2471 309 2544 σημεῖα,
332 2457 446 2537 ἄξονες
468 2455 505 2524 δὲ
528 2461 565 2525 αἱ
581 2463 667 2544 ΑΗ,
687 2464 752 2524 ΒΘ
770 2460 909 2544 εὐθεῖαι,
932 2461 972 2524 τὰ
990 2457 1027 2524 δὲ
1045 2461 1102 2524 διὰ
1120 2471 1191 2525 τῶν

181 2563 310 2643 ἀξόνων
332 2569 477 2653 τρίγωνα
500 2567 540 2630 τὰ
563 2571 595 2630 Α
602 2569 671 2650 ΓΛ,
690 2571 797 2650 ΒΕΖ,
820 2564 875 2632 καὶ
899 2569 991 2650 ἔστω,
1016 2566 1060 2643 ὡς
1081 2565 1102 2649 ἡ
1127 2570 1190 2631 ΓΛ

179 2674 261 2758 πρὸς
279 2674 340 2756 τὴν
359 2675 437 2757 ΕΖ,
456 2673 561 2749 οὕτως
579 2674 616 2738 τὸ
630 2677 728 2737 ΕΒΖ
746 2675 911 2757 τρίγωνον
928 2673 1011 2756 πρὸς
1029 2673 1065 2738 τὸ
1080 2676 1189 2738 ΑΓΔ.

180 2777 278 2862 λέγω,
302 2779 353 2843 ὅτι
377 2783 443 2843 ἴσοι
465 2777 551 2844 εἰσὶν
573 2778 728 2861 ἀλλήλοις
750 2780 786 2844 οἱ
804 2790 915 2845 κῶνοι.

247 2883 410 2968 γενέσθω,
442 2885 487 2962 ὡς
514 2886 551 2950 τὸ
579 2889 677 2950 ΒΕΖ
703 2888 868 2971 τρίγωνον
894 2887 977 2970 πρὸς
1004 2887 1041 2951 τὸ
1069 2889 1189 2970 ΑΓΔ,

124 3001 161 3052 26
180 2990 286 3066 οὕτως
308 2991 345 3055 τὸ
364 2994 462 3055 ΑΓΔ
484 2992 567 3078 πρὸς
589 2992 626 3056 τὸ
645 2994 758 3055 ΚΕΖ·
782 2993 819 3056 τὸ
838 2996 935 3056 ΒΕΖ
959 2993 1022 3078 ἄρα
1045 2993 1127 3078 πρὸς
1149 2994 1187 3058 τὸ

179 3100 281 3162 ΚΕΖ
309 3097 507 3162 διπλασίονα
534 3099 635 3179 λόγον
663 3099 728 3181 ἔχει
755 3099 837 3184 ἤπερ
860 3099 897 3162 τὸ
922 3101 1023 3163 ΓΑΔ
1044 3099 1127 3185 πρὸς
1149 3100 1189 3164 τὸ

178 3207 289 3269 ΚΕΖ.
335 3201 404 3268 ἐπεὶ
427 3199 504 3287 οὖν,
531 3204 576 3280 ὡς
598 3203 618 3287 ἡ
643 3207 709 3269 ΓΔ
731 3206 815 3291 πρὸς
837 3205 898 3288 τὴν
920 3209 998 3289 ΕΖ,
1022 3205 1126 3282 οὕτως
1149 3207 1189 3270 τὸ

252 3472 275 3520 1.
297 3468 365 3538 ΘΒ]
385 3469 438 3522 ΒΘ
455 3485 482 3536 p.
563 3472 586 3522 7.
607 3465 788 3531 οὓτως-9.
809 3469 878 3540 ΕΖ]
898 3484 951 3524 om.
970 3487 996 3538 p.
1071 3474 1094 3524 7.
1115 3470 1188 3541 HA]

176 3536 231 3606 τὴν
250 3541 305 3591 HA
323 3536 432 3608 HaHey.
505 3543 529 3593 9.
548 3539 585 3601 ὡς
604 3538 671 3611 ἄρα]
690 3557 747 3609 rep.
766 3557 821 3610 mg.
841 3557 877 3594 m.
896 3556 951 3595 rec.
968 3539 994 3593 V
1012 3537 1073 3594 sine
1092 3557 1189 3595 causa.
