<?xml version="1.0" encoding="UTF-8"?>
<!DOCTYPE html PUBLIC "-//W3C//DTD XHTML 1.0 Transitional//EN"
    "http://www.w3.org/TR/xhtml1/DTD/xhtml1-transitional.dtd">
<html xmlns="http://www.w3.org/1999/xhtml" xml:lang="en" lang="en">
 <head>
  <title>
</title>
<meta http-equiv="Content-Type" content="text/html;charset=utf-8" />
  <meta name='ocr-system' content='tesseract 3.04.00' />
  <meta name='ocr-capabilities' content='ocr_page ocr_carea ocr_par ocr_line ocrx_word'/>
</head>
<body>
  <div class='ocr_page' id='page_1' title='image "./sereniantinoens02heibgoog_0260.png"; bbox 0 0 2604 3880; ppageno 0'>
   <div class='ocr_carea' id='block_1_1' title="bbox 198 222 902 285">
    <p class='ocr_par' dir='ltr' id='par_1_1' title="bbox 198 222 902 285">
     <span class='ocr_line' id='line_1_1' title="bbox 198 222 902 285; baseline -0.009 -1"><span class='ocrx_word' id='word_1_1' title='bbox 198 222 263 285; x_wconf 79' lang='lat'><strong><em>236</em></strong></span> <span class='ocrx_word' id='word_1_2' title='bbox 513 226 601 276; x_wconf 78' lang='grc' dir='ltr'>ΠΕΡΙ</span> <span class='ocrx_word' id='word_1_3' title='bbox 618 225 747 276; x_wconf 65' lang='lat' dir='ltr'><strong><em>mor</em></strong></span> <span class='ocrx_word' id='word_1_4' title='bbox 766 227 902 278; x_wconf 77' lang='grc' dir='ltr'><strong><em>ΤοαΗΣ.</em></strong></span> 
     </span>
    </p>
   </div>
   <div class='ocr_carea' id='block_1_2' title="bbox 163 366 1216 1206">
    <p class='ocr_par' dir='ltr' id='par_1_2' title="bbox 163 366 1216 1206">
     <span class='ocr_line' id='line_1_2' title="bbox 198 366 1216 452; baseline 0.005 -22"><span class='ocrx_word' id='word_1_5' title='bbox 198 375 314 430; x_wconf 88' lang='grc' dir='ltr'><strong><em>κοινοῦ</em></strong></span> <span class='ocrx_word' id='word_1_6' title='bbox 338 369 402 451; x_wconf 92' lang='grc' dir='ltr'><strong><em>ἄρα</em></strong></span> <span class='ocrx_word' id='word_1_7' title='bbox 421 366 662 452; x_wconf 75' lang='grc' dir='ltr'><strong><em>προστεθέντος</em></strong></span> <span class='ocrx_word' id='word_1_8' title='bbox 680 377 740 432; x_wconf 88' lang='grc' dir='ltr'><strong><em>τοῦ</em></strong></span> <span class='ocrx_word' id='word_1_9' title='bbox 759 368 822 434; x_wconf 84' lang='grc' dir='ltr'><strong><em>ἀπὸ</em></strong></span> <span class='ocrx_word' id='word_1_10' title='bbox 841 378 900 452; x_wconf 82' lang='grc' dir='ltr'><strong><em>τῆς</em></strong></span> <span class='ocrx_word' id='word_1_11' title='bbox 917 375 950 434; x_wconf 96' lang='lat' dir='ltr'><em>A</em></span> <span class='ocrx_word' id='word_1_12' title='bbox 956 373 988 433; x_wconf 90' lang='grc' dir='ltr'>Γ</span> <span class='ocrx_word' id='word_1_13' title='bbox 1000 369 1040 433; x_wconf 90' lang='grc' dir='ltr'><strong><em>τδι</em></strong></span> <span class='ocrx_word' id='word_1_14' title='bbox 1059 368 1123 434; x_wconf 89' lang='grc' dir='ltr'><strong><em>ἄπὸ</em></strong></span> <span class='ocrx_word' id='word_1_15' title='bbox 1143 382 1216 435; x_wconf 84' lang='grc' dir='ltr'><strong><em>τῶν</em></strong></span> 
     </span>
     <span class='ocr_line' id='line_1_3' title="bbox 200 473 1213 560; baseline 0.005 -24"><span class='ocrx_word' id='word_1_16' title='bbox 200 476 276 556; x_wconf 93' lang='grc' dir='ltr'><strong><em>ΖΓ,</em></strong></span> <span class='ocrx_word' id='word_1_17' title='bbox 296 476 355 537; x_wconf 90' lang='grc' dir='ltr'><strong><em>ΓΑ</em></strong></span> <span class='ocrx_word' id='word_1_18' title='bbox 374 485 440 538; x_wconf 85' lang='grc' dir='ltr'><strong><em>τῶν</em></strong></span> <span class='ocrx_word' id='word_1_19' title='bbox 459 473 522 539; x_wconf 81' lang='grc' dir='ltr'><strong><em>ἀπὸ</em></strong></span> <span class='ocrx_word' id='word_1_20' title='bbox 542 487 608 540; x_wconf 85' lang='grc' dir='ltr'><strong><em>τῶν</em></strong></span> <span class='ocrx_word' id='word_1_21' title='bbox 627 479 709 558; x_wconf 93' lang='grc' dir='ltr'><strong><em>ΗΓ,</em></strong></span> <span class='ocrx_word' id='word_1_22' title='bbox 729 479 789 540; x_wconf 90' lang='grc' dir='ltr'><strong><em>ΓΑ</em></strong></span> <span class='ocrx_word' id='word_1_23' title='bbox 807 476 940 560; x_wconf 79' lang='grc' dir='ltr'><strong><em>μείζονά</em></strong></span> <span class='ocrx_word' id='word_1_24' title='bbox 958 475 1037 559; x_wconf 81' lang='grc' dir='ltr'><strong><em>ἐστι,</em></strong></span> <span class='ocrx_word' id='word_1_25' title='bbox 1057 475 1213 541; x_wconf 81' lang='grc' dir='ltr'><strong><em>τουτέστι</em></strong></span> 
     </span>
     <span class='ocr_line' id='line_1_4' title="bbox 198 578 1211 668; baseline 0.005 -25"><span class='ocrx_word' id='word_1_26' title='bbox 198 580 235 643; x_wconf 89' lang='grc' dir='ltr'><strong><em>τὸ</em></strong></span> <span class='ocrx_word' id='word_1_27' title='bbox 259 578 322 644; x_wconf 88' lang='grc' dir='ltr'><strong><em>ἄπὸ</em></strong></span> <span class='ocrx_word' id='word_1_28' title='bbox 343 584 408 644; x_wconf 92' lang='lat' dir='ltr'><strong><em>ZA</em></strong></span> <span class='ocrx_word' id='word_1_29' title='bbox 430 589 490 645; x_wconf 87' lang='grc' dir='ltr'><strong><em>τοῦ</em></strong></span> <span class='ocrx_word' id='word_1_30' title='bbox 513 579 577 645; x_wconf 86' lang='grc' dir='ltr'><strong><em>ἀπὸ</em></strong></span> <span class='ocrx_word' id='word_1_31' title='bbox 597 585 674 645; x_wconf 91' lang='grc' dir='ltr'><strong><em>ΑΗ</em></strong></span> <span class='ocrx_word' id='word_1_32' title='bbox 692 584 802 665; x_wconf 79' lang='grc' dir='ltr'><strong><em>μεῖζόν</em></strong></span> <span class='ocrx_word' id='word_1_33' title='bbox 826 581 907 646; x_wconf 82' lang='grc' dir='ltr'><strong><em>ἐστι·</em></strong></span> <span class='ocrx_word' id='word_1_34' title='bbox 930 583 1049 666; x_wconf 80' lang='grc' dir='ltr'><strong><em>μείζων</em></strong></span> <span class='ocrx_word' id='word_1_35' title='bbox 1069 584 1133 668; x_wconf 92' lang='grc' dir='ltr'><strong><em>ἄρα</em></strong></span> <span class='ocrx_word' id='word_1_36' title='bbox 1151 582 1211 648; x_wconf 81' lang='grc' dir='ltr'><strong><em>καὶ</em></strong></span> 
     </span>
     <span class='ocr_line' id='line_1_5' title="bbox 198 683 1210 774; baseline 0.003 -24"><span class='ocrx_word' id='word_1_37' title='bbox 198 687 219 769; x_wconf 77' lang='grc' dir='ltr'><em>ἡ</em></span> <span class='ocrx_word' id='word_1_38' title='bbox 239 691 304 750; x_wconf 93' lang='lat' dir='ltr'><strong><em>ZA</em></strong></span> <span class='ocrx_word' id='word_1_39' title='bbox 327 695 384 770; x_wconf 80' lang='grc' dir='ltr'><strong><em>τῆς</em></strong></span> <span class='ocrx_word' id='word_1_40' title='bbox 402 691 482 752; x_wconf 90' lang='grc' dir='ltr'><strong><em>ΑΗ.</em></strong></span> <span class='ocrx_word' id='word_1_41' title='bbox 520 685 589 752; x_wconf 79' lang='grc' dir='ltr'><strong><em>ἐπεὶ</em></strong></span> <span class='ocrx_word' id='word_1_42' title='bbox 612 683 674 753; x_wconf 86' lang='grc' dir='ltr'><strong><em>οὖν</em></strong></span> <span class='ocrx_word' id='word_1_43' title='bbox 692 689 729 752; x_wconf 86' lang='grc' dir='ltr'><strong><em>αί</em></strong></span> <span class='ocrx_word' id='word_1_44' title='bbox 744 685 805 772; x_wconf 73' lang='grc' dir='ltr'><strong><em>μέν</em></strong></span> <span class='ocrx_word' id='word_1_45' title='bbox 825 693 901 772; x_wconf 91' lang='grc' dir='ltr'><strong><em>ΖΒ,</em></strong></span> <span class='ocrx_word' id='word_1_46' title='bbox 921 693 995 753; x_wconf 90' lang='grc' dir='ltr'><strong><em>ΒΗ</em></strong></span> <span class='ocrx_word' id='word_1_47' title='bbox 1009 695 1088 772; x_wconf 86' lang='grc' dir='ltr'><strong><em>ίσαι,</em></strong></span> <span class='ocrx_word' id='word_1_48' title='bbox 1110 692 1210 774; x_wconf 83' lang='grc' dir='ltr'><strong><em>κοινὴ</em></strong></span> 
     </span>
     <span class='ocr_line' id='line_1_6' title="bbox 163 790 1212 880; baseline 0.007 -27"><span class='ocrx_word' id='word_1_49' title='bbox 163 791 235 858; x_wconf 75' lang='grc' dir='ltr'><strong><em>ὅδὲ</em></strong></span> <span class='ocrx_word' id='word_1_50' title='bbox 258 794 278 877; x_wconf 81' lang='grc' dir='ltr'>ἡ</span> <span class='ocrx_word' id='word_1_51' title='bbox 302 798 382 877; x_wconf 87' lang='grc' dir='ltr'><strong><em>ΒΑ,</em></strong></span> <span class='ocrx_word' id='word_1_52' title='bbox 405 796 523 877; x_wconf 80' lang='grc' dir='ltr'><strong><em>μείζων</em></strong></span> <span class='ocrx_word' id='word_1_53' title='bbox 546 790 583 857; x_wconf 74' lang='grc' dir='ltr'><strong><em>δὲ</em></strong></span> <span class='ocrx_word' id='word_1_54' title='bbox 606 794 626 876; x_wconf 79' lang='grc' dir='ltr'><em>ἡ</em></span> <span class='ocrx_word' id='word_1_55' title='bbox 651 799 717 858; x_wconf 91' lang='lat' dir='ltr'><strong><em>ZA</em></strong></span> <span class='ocrx_word' id='word_1_56' title='bbox 739 804 797 878; x_wconf 78' lang='grc' dir='ltr'><strong><em>τῆς</em></strong></span> <span class='ocrx_word' id='word_1_57' title='bbox 819 799 905 878; x_wconf 85' lang='grc' dir='ltr'><strong><em>ΑΗ,</em></strong></span> <span class='ocrx_word' id='word_1_58' title='bbox 928 796 949 878; x_wconf 77' lang='grc' dir='ltr'><strong><em>ἡ</em></strong></span> <span class='ocrx_word' id='word_1_59' title='bbox 972 791 1033 879; x_wconf 71' lang='grc' dir='ltr'><strong><em>μέν</em></strong></span> <span class='ocrx_word' id='word_1_60' title='bbox 1055 797 1119 880; x_wconf 90' lang='grc' dir='ltr'><strong><em>ἄρα</em></strong></span> <span class='ocrx_word' id='word_1_61' title='bbox 1141 795 1212 860; x_wconf 86' lang='grc' dir='ltr'><strong><em>ὑπὸ</em></strong></span> 
     </span>
     <span class='ocr_line' id='line_1_7' title="bbox 200 898 1210 987; baseline 0.003 -23"><span class='ocrx_word' id='word_1_62' title='bbox 200 905 299 965; x_wconf 90' lang='grc' dir='ltr'><strong><em>ΖΒΑ</em></strong></span> <span class='ocrx_word' id='word_1_63' title='bbox 322 903 427 983; x_wconf 74' lang='grc' dir='ltr'><strong><em>γωνία</em></strong></span> <span class='ocrx_word' id='word_1_64' title='bbox 451 899 589 984; x_wconf 81' lang='grc' dir='ltr'><strong><em>ἄμβλεῐᾶ</em></strong></span> <span class='ocrx_word' id='word_1_65' title='bbox 612 898 716 984; x_wconf 90' lang='grc' dir='ltr'><strong><em>έστιν,</em></strong></span> <span class='ocrx_word' id='word_1_66' title='bbox 739 901 760 984; x_wconf 82' lang='grc' dir='ltr'><em>ἡ</em></span> <span class='ocrx_word' id='word_1_67' title='bbox 784 898 820 966; x_wconf 69' lang='grc' dir='ltr'><strong><em>δέ</em></strong></span> <span class='ocrx_word' id='word_1_68' title='bbox 843 901 907 966; x_wconf 83' lang='grc' dir='ltr'><strong><em>ὑπὸ</em></strong></span> <span class='ocrx_word' id='word_1_69' title='bbox 931 907 1043 967; x_wconf 86' lang='grc' dir='ltr'><strong><em>ΑΒΗ</em></strong></span> <span class='ocrx_word' id='word_1_70' title='bbox 1061 901 1162 980; x_wconf 79' lang='grc' dir='ltr'><strong><em>ὀξεῖα·</em></strong></span> <span class='ocrx_word' id='word_1_71' title='bbox 1188 904 1210 987; x_wconf 81' lang='grc' dir='ltr'><em>ἡ</em></span> 
     </span>
     <span class='ocr_line' id='line_1_8' title="bbox 198 1006 1216 1092; baseline 0.003 -22"><span class='ocrx_word' id='word_1_72' title='bbox 198 1007 262 1088; x_wconf 92' lang='grc' dir='ltr'><strong><em>ἄρα</em></strong></span> <span class='ocrx_word' id='word_1_73' title='bbox 294 1006 357 1071; x_wconf 86' lang='grc' dir='ltr'><strong><em>ἀπὸ</em></strong></span> <span class='ocrx_word' id='word_1_74' title='bbox 389 1015 449 1071; x_wconf 85' lang='grc' dir='ltr'><strong><em>τοῦ</em></strong></span> <span class='ocrx_word' id='word_1_75' title='bbox 477 1013 510 1070; x_wconf 95' lang='lat' dir='ltr'><em>A</em></span> <span class='ocrx_word' id='word_1_76' title='bbox 541 1006 681 1082; x_wconf 80' lang='grc' dir='ltr'><strong><em>κάθετος</em></strong></span> <span class='ocrx_word' id='word_1_77' title='bbox 715 1006 768 1072; x_wconf 80' lang='grc' dir='ltr'><strong><em>ἐπὶ</em></strong></span> <span class='ocrx_word' id='word_1_78' title='bbox 800 1009 860 1092; x_wconf 77' lang='grc' dir='ltr'><strong><em>τὴν</em></strong></span> <span class='ocrx_word' id='word_1_79' title='bbox 889 1013 961 1072; x_wconf 93' lang='grc' dir='ltr'><strong><em>ΖΗ</em></strong></span> <span class='ocrx_word' id='word_1_80' title='bbox 991 1007 1044 1073; x_wconf 78' lang='grc' dir='ltr'><strong><em>ἐπὶ</em></strong></span> <span class='ocrx_word' id='word_1_81' title='bbox 1070 1010 1110 1072; x_wconf 81' lang='grc' dir='ltr'><strong><em>τὰ</em></strong></span> <span class='ocrx_word' id='word_1_82' title='bbox 1138 1013 1216 1073; x_wconf 88' lang='grc' dir='ltr'><strong><em>ΒΗ</em></strong></span> 
     </span>
     <span class='ocr_line' id='line_1_9' title="bbox 198 1110 1210 1206; baseline 0.003 -29"><span class='ocrx_word' id='word_1_83' title='bbox 198 1111 279 1197; x_wconf 84' lang='grc' dir='ltr'><strong><em>μέρη</em></strong></span> <span class='ocrx_word' id='word_1_84' title='bbox 298 1117 416 1178; x_wconf 88' lang='grc' dir='ltr'><strong><em>πίπτει.</em></strong></span> <span class='ocrx_word' id='word_1_85' title='bbox 454 1113 575 1197; x_wconf 85' lang='grc' dir='ltr'><strong><em>ὁμοίως</em></strong></span> <span class='ocrx_word' id='word_1_86' title='bbox 593 1110 630 1177; x_wconf 70' lang='grc' dir='ltr'><strong><em>δέ</em></strong></span> <span class='ocrx_word' id='word_1_87' title='bbox 648 1114 857 1197; x_wconf 77' lang='grc' dir='ltr'><strong><em>δειχθήσεται</em></strong></span> <span class='ocrx_word' id='word_1_88' title='bbox 870 1113 927 1179; x_wconf 80' lang='grc' dir='ltr'><strong><em>καὶ</em></strong></span> <span class='ocrx_word' id='word_1_89' title='bbox 941 1113 993 1180; x_wconf 85' lang='grc' dir='ltr'><strong><em>ἐπὶ</em></strong></span> <span class='ocrx_word' id='word_1_90' title='bbox 1003 1126 1074 1206; x_wconf 77' lang='grc' dir='ltr'><strong><em>τῶν</em></strong></span> <span class='ocrx_word' id='word_1_91' title='bbox 1088 1117 1210 1180; x_wconf 83' lang='grc' dir='ltr'><strong><em>ἄλλων.</em></strong></span> 
     </span>
    </p>
   </div>
   <div class='ocr_carea' id='block_1_3' title="bbox 624 1278 781 1285">
    <p class='ocr_par' dir='ltr' id='par_1_3' title="bbox 624 1278 781 1285">
     <span class='ocr_line' id='line_1_10' title="bbox 624 1278 781 1285; baseline 0 -1"><span class='ocrx_word' id='word_1_92' title='bbox 624 1278 781 1285; x_wconf 78' lang='lat'><strong>————</strong></span> 
     </span>
    </p>
   </div>
   <div class='ocr_carea' id='block_1_4' title="bbox 148 1377 1212 1894">
    <p class='ocr_par' dir='ltr' id='par_1_4' title="bbox 258 1377 1210 1467">
     <span class='ocr_line' id='line_1_11' title="bbox 258 1377 1210 1467; baseline 0.004 -25"><span class='ocrx_word' id='word_1_93' title='bbox 258 1377 355 1444; x_wconf 77' lang='grc' dir='ltr'><strong><em>Ὥστε</em></strong></span> <span class='ocrx_word' id='word_1_94' title='bbox 385 1383 547 1465; x_wconf 84' lang='grc' dir='ltr'><strong><em>φανερόν,</em></strong></span> <span class='ocrx_word' id='word_1_95' title='bbox 580 1381 631 1446; x_wconf 84' lang='grc' dir='ltr'><strong><em>δτι</em></strong></span> <span class='ocrx_word' id='word_1_96' title='bbox 658 1381 695 1445; x_wconf 89' lang='grc' dir='ltr'><strong><em>αί</em></strong></span> <span class='ocrx_word' id='word_1_97' title='bbox 719 1378 953 1467; x_wconf 82' lang='grc' dir='ltr'><strong><em>προειρημέναι</em></strong></span> <span class='ocrx_word' id='word_1_98' title='bbox 980 1379 1117 1446; x_wconf 88' lang='grc' dir='ltr'><strong><em>κᾶθετοι</em></strong></span> <span class='ocrx_word' id='word_1_99' title='bbox 1144 1380 1210 1446; x_wconf 87' lang='grc' dir='ltr'><strong><em>ἄπὸ</em></strong></span> 
     </span>
    </p>

    <p class='ocr_par' dir='ltr' id='par_1_5' title="bbox 148 1485 1212 1574">
     <span class='ocr_line' id='line_1_12' title="bbox 148 1485 1212 1574; baseline 0.002 -24"><span class='ocrx_word' id='word_1_100' title='bbox 148 1503 180 1552; x_wconf 85' lang='grc'><strong><em>10</em></strong></span> <span class='ocrx_word' id='word_1_101' title='bbox 199 1487 364 1569; x_wconf 78' lang='grc' dir='ltr'><strong><em>μετεώρου</em></strong></span> <span class='ocrx_word' id='word_1_102' title='bbox 405 1495 465 1550; x_wconf 87' lang='grc' dir='ltr'><strong><em>τοῦ</em></strong></span> <span class='ocrx_word' id='word_1_103' title='bbox 501 1492 534 1550; x_wconf 99' lang='lat' dir='ltr'><em>A</em></span> <span class='ocrx_word' id='word_1_104' title='bbox 575 1490 711 1571; x_wconf 85' lang='grc' dir='ltr'><strong><em>σημείου</em></strong></span> <span class='ocrx_word' id='word_1_105' title='bbox 749 1485 801 1552; x_wconf 81' lang='grc' dir='ltr'><strong><em>έπὶ</em></strong></span> <span class='ocrx_word' id='word_1_106' title='bbox 837 1487 961 1552; x_wconf 83' lang='grc' dir='ltr'><strong><em>κύκλου</em></strong></span> <span class='ocrx_word' id='word_1_107' title='bbox 996 1485 1212 1574; x_wconf 90' lang='grc' dir='ltr'><strong><em>περιφέρειαν</em></strong></span> 
     </span>
    </p>

    <p class='ocr_par' dir='ltr' id='par_1_6' title="bbox 198 1590 1210 1678">
     <span class='ocr_line' id='line_1_13' title="bbox 198 1590 1210 1678; baseline 0.004 -24"><span class='ocrx_word' id='word_1_108' title='bbox 198 1594 377 1656; x_wconf 89' lang='grc' dir='ltr'><strong><em>πίπτουσαι</em></strong></span> <span class='ocrx_word' id='word_1_109' title='bbox 413 1593 496 1656; x_wconf 82' lang='grc' dir='ltr'><strong><em>κατὰ</em></strong></span> <span class='ocrx_word' id='word_1_110' title='bbox 533 1592 726 1678; x_wconf 75' lang='grc' dir='ltr'><strong><em>ἐπιφανείας</em></strong></span> <span class='ocrx_word' id='word_1_111' title='bbox 758 1595 974 1676; x_wconf 84' lang='grc' dir='ltr'><strong><em>οίσθήσονται</em></strong></span> <span class='ocrx_word' id='word_1_112' title='bbox 1005 1595 1131 1677; x_wconf 91' lang='grc' dir='ltr'><strong><em>κώνου,</em></strong></span> <span class='ocrx_word' id='word_1_113' title='bbox 1168 1590 1210 1659; x_wconf 88' lang='grc' dir='ltr'><strong><em>οὗ</em></strong></span> 
     </span>
    </p>

    <p class='ocr_par' dir='ltr' id='par_1_7' title="bbox 199 1694 1211 1894">
     <span class='ocr_line' id='line_1_14' title="bbox 199 1694 1211 1786; baseline 0.005 -26"><span class='ocrx_word' id='word_1_114' title='bbox 199 1697 294 1780; x_wconf 79' lang='grc' dir='ltr'><strong><em>βᾶσις</em></strong></span> <span class='ocrx_word' id='word_1_115' title='bbox 313 1694 373 1782; x_wconf 72' lang='grc' dir='ltr'><strong><em>μὲν</em></strong></span> <span class='ocrx_word' id='word_1_116' title='bbox 392 1698 409 1764; x_wconf 88' lang='grc' dir='ltr'>ὁ</span> <span class='ocrx_word' id='word_1_117' title='bbox 423 1698 489 1764; x_wconf 83' lang='grc' dir='ltr'><strong><em>ὑπὸ</em></strong></span> <span class='ocrx_word' id='word_1_118' title='bbox 503 1710 571 1765; x_wconf 87' lang='grc' dir='ltr'><strong><em>τών</em></strong></span> <span class='ocrx_word' id='word_1_119' title='bbox 584 1701 741 1778; x_wconf 85' lang='grc' dir='ltr'><strong><em>πτώσεων</em></strong></span> <span class='ocrx_word' id='word_1_120' title='bbox 754 1711 822 1765; x_wconf 82' lang='grc' dir='ltr'><strong><em>τῶν</em></strong></span> <span class='ocrx_word' id='word_1_121' title='bbox 834 1698 986 1764; x_wconf 84' lang='grc' dir='ltr'><strong><em>καθέτῳν</em></strong></span> <span class='ocrx_word' id='word_1_122' title='bbox 1000 1705 1211 1786; x_wconf 80' lang='grc' dir='ltr'><strong><em>γραφόμενος</em></strong></span> 
     </span>
     <span class='ocr_line' id='line_1_15' title="bbox 199 1802 1071 1894; baseline 0.001 -25"><span class='ocrx_word' id='word_1_123' title='bbox 199 1806 329 1889; x_wconf 89' lang='grc' dir='ltr'><strong><em>κύκλος,</em></strong></span> <span class='ocrx_word' id='word_1_124' title='bbox 352 1807 483 1891; x_wconf 82' lang='grc' dir='ltr'><strong><em>κορυφὴ</em></strong></span> <span class='ocrx_word' id='word_1_125' title='bbox 507 1802 545 1870; x_wconf 74' lang='grc' dir='ltr'><strong><em>δὲ</em></strong></span> <span class='ocrx_word' id='word_1_126' title='bbox 567 1807 588 1890; x_wconf 81' lang='grc' dir='ltr'><em>ἡ</em></span> <span class='ocrx_word' id='word_1_127' title='bbox 611 1807 694 1890; x_wconf 76' lang='grc' dir='ltr'><strong><em>αὐτὴ</em></strong></span> <span class='ocrx_word' id='word_1_128' title='bbox 717 1817 762 1894; x_wconf 76' lang='grc' dir='ltr'><strong><em>τῷ</em></strong></span> <span class='ocrx_word' id='word_1_129' title='bbox 786 1805 818 1884; x_wconf 80' lang='grc' dir='ltr'><strong><em>ἐξ</em></strong></span> <span class='ocrx_word' id='word_1_130' title='bbox 842 1805 944 1892; x_wconf 78' lang='grc' dir='ltr'><strong><em>ἀρχῆς</em></strong></span> <span class='ocrx_word' id='word_1_131' title='bbox 965 1807 1071 1894; x_wconf 91' lang='grc' dir='ltr'><strong><em>κώνῳ.</em></strong></span> 
     </span>
    </p>
   </div>
   <div class='ocr_carea' id='block_1_5' title="bbox 147 2036 1208 2904">
    <p class='ocr_par' dir='ltr' id='par_1_8' title="bbox 673 2036 733 2120">
     <span class='ocr_line' id='line_1_16' title="bbox 673 2036 733 2120; baseline -0.083 0"><span class='ocrx_word' id='word_1_132' title='bbox 673 2036 733 2120; x_wconf 70' lang='grc' dir='ltr'><strong><em>κζ’·</em></strong></span> 
     </span>
    </p>

    <p class='ocr_par' dir='ltr' id='par_1_9' title="bbox 147 2175 1208 2695">
     <span class='ocr_line' id='line_1_17' title="bbox 147 2175 1208 2265; baseline 0.003 -24"><span class='ocrx_word' id='word_1_133' title='bbox 147 2193 180 2241; x_wconf 82' lang='grc'><strong><em>15</em></strong></span> <span class='ocrx_word' id='word_1_134' title='bbox 264 2175 318 2242; x_wconf 84' lang='grc' dir='ltr'><strong><em>Ἐν</em></strong></span> <span class='ocrx_word' id='word_1_135' title='bbox 350 2179 445 2265; x_wconf 90' lang='grc' dir='ltr'><strong><em>κώνῳ</em></strong></span> <span class='ocrx_word' id='word_1_136' title='bbox 478 2183 631 2265; x_wconf 78' lang='grc' dir='ltr'><strong><em>σκαληνῷ</em></strong></span> <span class='ocrx_word' id='word_1_137' title='bbox 663 2177 824 2256; x_wconf 77' lang='grc' dir='ltr'><strong><em>δοθέντος</em></strong></span> <span class='ocrx_word' id='word_1_138' title='bbox 853 2181 943 2256; x_wconf 85' lang='grc' dir='ltr'><strong><em>τινὸς</em></strong></span> <span class='ocrx_word' id='word_1_139' title='bbox 970 2191 1037 2244; x_wconf 83' lang='grc' dir='ltr'><strong><em>τῶν</em></strong></span> <span class='ocrx_word' id='word_1_140' title='bbox 1065 2180 1121 2244; x_wconf 83' lang='grc' dir='ltr'><strong><em>διὰ</em></strong></span> <span class='ocrx_word' id='word_1_141' title='bbox 1148 2187 1208 2244; x_wconf 90' lang='grc' dir='ltr'><strong><em>τοῦ</em></strong></span> 
     </span>
     <span class='ocr_line' id='line_1_18' title="bbox 199 2283 1208 2370; baseline 0.001 -21"><span class='ocrx_word' id='word_1_142' title='bbox 199 2283 317 2362; x_wconf 81' lang='grc' dir='ltr'><strong><em>ἄξονος</em></strong></span> <span class='ocrx_word' id='word_1_143' title='bbox 335 2285 517 2370; x_wconf 84' lang='grc' dir='ltr'><strong><em>τριγώνων,</em></strong></span> <span class='ocrx_word' id='word_1_144' title='bbox 536 2284 554 2349; x_wconf 87' lang='grc' dir='ltr'><strong>ὃ</strong></span> <span class='ocrx_word' id='word_1_145' title='bbox 573 2286 652 2369; x_wconf 75' lang='grc' dir='ltr'><strong><em>μήτε</em></strong></span> <span class='ocrx_word' id='word_1_146' title='bbox 671 2283 825 2369; x_wconf 80' lang='grc' dir='ltr'><strong><em>μέγιστόν</em></strong></span> <span class='ocrx_word' id='word_1_147' title='bbox 845 2285 914 2352; x_wconf 81' lang='grc' dir='ltr'><strong><em>ἐστι</em></strong></span> <span class='ocrx_word' id='word_1_148' title='bbox 932 2287 1011 2370; x_wconf 76' lang='grc' dir='ltr'><strong><em>μήτε</em></strong></span> <span class='ocrx_word' id='word_1_149' title='bbox 1026 2285 1208 2370; x_wconf 82' lang='grc' dir='ltr'><strong><em>έλᾶχιστον,</em></strong></span> 
     </span>
     <span class='ocr_line' id='line_1_19' title="bbox 199 2390 1208 2479; baseline -0.001 -22"><span class='ocrx_word' id='word_1_150' title='bbox 199 2392 310 2478; x_wconf 82' lang='grc' dir='ltr'><strong><em>εὑρεῖν</em></strong></span> <span class='ocrx_word' id='word_1_151' title='bbox 337 2390 450 2478; x_wconf 82' lang='grc' dir='ltr'><strong><em>ἕτερον</em></strong></span> <span class='ocrx_word' id='word_1_152' title='bbox 477 2395 642 2479; x_wconf 80' lang='grc' dir='ltr'><strong><em>τρίγωνον</em></strong></span> <span class='ocrx_word' id='word_1_153' title='bbox 670 2393 726 2456; x_wconf 89' lang='grc' dir='ltr'><strong><em>διδι</em></strong></span> <span class='ocrx_word' id='word_1_154' title='bbox 753 2401 813 2457; x_wconf 87' lang='grc' dir='ltr'><strong><em>τοῦ</em></strong></span> <span class='ocrx_word' id='word_1_155' title='bbox 840 2391 970 2475; x_wconf 79' lang='grc' dir='ltr'><strong><em>ἄξονος,</em></strong></span> <span class='ocrx_word' id='word_1_156' title='bbox 999 2390 1016 2456; x_wconf 90' lang='grc' dir='ltr'><strong>ὃ</strong></span> <span class='ocrx_word' id='word_1_157' title='bbox 1045 2393 1126 2476; x_wconf 77' lang='grc' dir='ltr'><strong><em>μετὰ</em></strong></span> <span class='ocrx_word' id='word_1_158' title='bbox 1148 2400 1208 2456; x_wconf 87' lang='grc' dir='ltr'><strong><em>τοῦ</em></strong></span> 
     </span>
     <span class='ocr_line' id='line_1_20' title="bbox 200 2495 1205 2587; baseline -0.002 -24"><span class='ocrx_word' id='word_1_159' title='bbox 200 2497 361 2577; x_wconf 80' lang='grc' dir='ltr'><strong><em>δοθέντος</em></strong></span> <span class='ocrx_word' id='word_1_160' title='bbox 384 2505 459 2565; x_wconf 91' lang='grc' dir='ltr'><strong><em>ίσον</em></strong></span> <span class='ocrx_word' id='word_1_161' title='bbox 482 2501 572 2564; x_wconf 81' lang='grc' dir='ltr'><strong><em>ἔσται</em></strong></span> <span class='ocrx_word' id='word_1_162' title='bbox 596 2497 835 2587; x_wconf 81' lang='grc' dir='ltr'><strong><em>συναμφοτέρῳ</em></strong></span> <span class='ocrx_word' id='word_1_163' title='bbox 858 2509 904 2587; x_wconf 77' lang='grc' dir='ltr'><strong><em>τῷ</em></strong></span> <span class='ocrx_word' id='word_1_164' title='bbox 928 2500 1069 2585; x_wconf 82' lang='grc' dir='ltr'><strong><em>μεγίστῳ</em></strong></span> <span class='ocrx_word' id='word_1_165' title='bbox 1088 2495 1205 2585; x_wconf 76' lang='grc' dir='ltr'><strong><em>καὶτῷ</em></strong></span> 
     </span>
     <span class='ocr_line' id='line_1_21' title="bbox 200 2603 760 2695; baseline -0.002 -24"><span class='ocrx_word' id='word_1_166' title='bbox 200 2605 357 2695; x_wconf 80' lang='grc' dir='ltr'><strong><em>ἐλαχίστῳ</em></strong></span> <span class='ocrx_word' id='word_1_167' title='bbox 381 2617 449 2671; x_wconf 84' lang='grc' dir='ltr'><strong><em>τῶν</em></strong></span> <span class='ocrx_word' id='word_1_168' title='bbox 472 2607 528 2671; x_wconf 83' lang='grc' dir='ltr'><strong><em>διὰ</em></strong></span> <span class='ocrx_word' id='word_1_169' title='bbox 551 2614 611 2671; x_wconf 88' lang='grc' dir='ltr'><strong><em>τοῦ</em></strong></span> <span class='ocrx_word' id='word_1_170' title='bbox 635 2603 760 2683; x_wconf 81' lang='grc' dir='ltr'><strong><em>ἄξονος.</em></strong></span> 
     </span>
    </p>

    <p class='ocr_par' dir='ltr' id='par_1_10' title="bbox 147 2707 1207 2904">
     <span class='ocr_line' id='line_1_22' title="bbox 147 2707 1206 2797; baseline 0 -23"><span class='ocrx_word' id='word_1_171' title='bbox 147 2727 181 2775; x_wconf 80' lang='lat'><strong><em>20</em></strong></span> <span class='ocrx_word' id='word_1_172' title='bbox 267 2716 349 2778; x_wconf 82' lang='grc' dir='ltr'><strong><em>έστοι</em></strong></span> <span class='ocrx_word' id='word_1_173' title='bbox 390 2723 497 2788; x_wconf 86' lang='grc' dir='ltr'><strong><em>κώνος</em></strong></span> <span class='ocrx_word' id='word_1_174' title='bbox 537 2715 714 2796; x_wconf 83' lang='grc' dir='ltr'><strong><em>σκαληνός,</em></strong></span> <span class='ocrx_word' id='word_1_175' title='bbox 756 2708 797 2778; x_wconf 85' lang='grc' dir='ltr'><strong><em>οὗ</em></strong></span> <span class='ocrx_word' id='word_1_176' title='bbox 836 2713 968 2797; x_wconf 75' lang='grc' dir='ltr'><strong><em>κορυφὴ</em></strong></span> <span class='ocrx_word' id='word_1_177' title='bbox 1007 2707 1067 2794; x_wconf 75' lang='grc' dir='ltr'><strong><em>μὲν</em></strong></span> <span class='ocrx_word' id='word_1_178' title='bbox 1102 2713 1141 2776; x_wconf 92' lang='grc' dir='ltr'><strong><em>τὸ</em></strong></span> <span class='ocrx_word' id='word_1_179' title='bbox 1176 2716 1206 2774; x_wconf 93' lang='lat' dir='ltr'><em>A</em></span> 
     </span>
     <span class='ocr_line' id='line_1_23' title="bbox 200 2815 1207 2904; baseline -0.003 -20"><span class='ocrx_word' id='word_1_180' title='bbox 200 2831 350 2903; x_wconf 86' lang='grc' dir='ltr'><strong><em>σημείου,</em></strong></span> <span class='ocrx_word' id='word_1_181' title='bbox 373 2818 470 2902; x_wconf 85' lang='grc' dir='ltr'><strong><em>βᾶσις</em></strong></span> <span class='ocrx_word' id='word_1_182' title='bbox 492 2815 530 2883; x_wconf 73' lang='grc' dir='ltr'><strong><em>δὲ</em></strong></span> <span class='ocrx_word' id='word_1_183' title='bbox 552 2817 570 2883; x_wconf 89' lang='grc' dir='ltr'><strong><em>δ</em></strong></span> <span class='ocrx_word' id='word_1_184' title='bbox 593 2816 668 2904; x_wconf 83' lang='grc' dir='ltr'><strong><em>περὶ</em></strong></span> <span class='ocrx_word' id='word_1_185' title='bbox 691 2819 727 2883; x_wconf 89' lang='grc' dir='ltr'><strong><em>τὸ</em></strong></span> <span class='ocrx_word' id='word_1_186' title='bbox 752 2822 781 2882; x_wconf 95' lang='grc' dir='ltr'><em>Β</em></span> <span class='ocrx_word' id='word_1_187' title='bbox 803 2816 941 2902; x_wconf 90' lang='grc' dir='ltr'><strong><em>κέντρον</em></strong></span> <span class='ocrx_word' id='word_1_188' title='bbox 964 2818 1098 2901; x_wconf 89' lang='grc' dir='ltr'><strong><em>κύκλος,</em></strong></span> <span class='ocrx_word' id='word_1_189' title='bbox 1122 2815 1207 2894; x_wconf 83' lang='grc' dir='ltr'><strong><em>ἄξων</em></strong></span> 
     </span>
    </p>
   </div>
   <div class='ocr_carea' id='block_1_6' title="bbox 200 3077 1206 3650">
    <p class='ocr_par' dir='ltr' id='par_1_11' title="bbox 200 3077 1206 3650">
     <span class='ocr_line' id='line_1_24' title="bbox 272 3077 1206 3152; baseline -0.002 -18"><span class='ocrx_word' id='word_1_190' title='bbox 272 3087 295 3135; x_wconf 93' lang='grc'><strong><em>1.</em></strong></span> <span class='ocrx_word' id='word_1_191' title='bbox 316 3081 384 3152; x_wconf 85' lang='grc' dir='ltr'><strong><em>ἄρα]</em></strong></span> <span class='ocrx_word' id='word_1_192' title='bbox 404 3098 457 3134; x_wconf 93' lang='lat' dir='ltr'><strong><em>om.</em></strong></span> <span class='ocrx_word' id='word_1_193' title='bbox 475 3101 502 3151; x_wconf 88' lang='lat' dir='ltr'><strong><em>p.</em></strong></span> <span class='ocrx_word' id='word_1_194' title='bbox 562 3078 777 3152; x_wconf 82' lang='grc' dir='ltr'><strong><em>προστεθέντος]</em></strong></span> <span class='ocrx_word' id='word_1_195' title='bbox 795 3099 823 3150; x_wconf 80' lang='lat' dir='ltr'><strong><em>p,</em></strong></span> <span class='ocrx_word' id='word_1_196' title='bbox 841 3078 1029 3148; x_wconf 85' lang='grc' dir='ltr'><strong><em>προτεθέντος</em></strong></span> <span class='ocrx_word' id='word_1_197' title='bbox 1046 3080 1100 3134; x_wconf 80' lang='lat' dir='ltr'><strong><em>Vc.</em></strong></span> <span class='ocrx_word' id='word_1_198' title='bbox 1161 3077 1206 3149; x_wconf 88' lang='grc' dir='ltr'><strong><em>τύ]</em></strong></span> 
     </span>
     <span class='ocr_line' id='line_1_25' title="bbox 201 3147 1206 3224; baseline -0.003 -18"><span class='ocrx_word' id='word_1_199' title='bbox 201 3151 311 3222; x_wconf 82' lang='lat' dir='ltr'>scripsi,</span> <span class='ocrx_word' id='word_1_200' title='bbox 336 3151 367 3206; x_wconf 87' lang='grc' dir='ltr'><strong><em>τό</em></strong></span> <span class='ocrx_word' id='word_1_201' title='bbox 385 3152 462 3222; x_wconf 83' lang='lat' dir='ltr'><strong><em>ch.</em></strong></span> <span class='ocrx_word' id='word_1_202' title='bbox 554 3159 578 3207; x_wconf 77' lang='lat'><strong><em>2.</em></strong></span> <span class='ocrx_word' id='word_1_203' title='bbox 599 3154 675 3224; x_wconf 85' lang='grc' dir='ltr'><strong><em>ΗΓ]</em></strong></span> <span class='ocrx_word' id='word_1_204' title='bbox 694 3171 748 3222; x_wconf 84' lang='lat' dir='ltr'><strong><em>vp,</em></strong></span> <span class='ocrx_word' id='word_1_205' title='bbox 773 3157 899 3206; x_wconf 83' lang='lat' dir='ltr'>Heuan.</span> <span class='ocrx_word' id='word_1_206' title='bbox 918 3152 952 3220; x_wconf 80' lang='lat' dir='ltr'><strong><em>V,</em></strong></span> <span class='ocrx_word' id='word_1_207' title='bbox 978 3155 1040 3205; x_wconf 92' lang='grc' dir='ltr'><strong><em>ΝΓ</em></strong></span> <span class='ocrx_word' id='word_1_208' title='bbox 1055 3167 1078 3205; x_wconf 91' lang='grc' dir='ltr'><strong><em>ο.</em></strong></span> <span class='ocrx_word' id='word_1_209' title='bbox 1152 3147 1206 3219; x_wconf 84' lang='grc' dir='ltr'><strong><em>μεί-</em></strong></span> 
     </span>
     <span class='ocr_line' id='line_1_26' title="bbox 200 3223 1206 3296; baseline -0.004 -18"><span class='ocrx_word' id='word_1_210' title='bbox 200 3226 279 3296; x_wconf 84' lang='grc' dir='ltr'><strong><em>ζονα]</em></strong></span> <span class='ocrx_word' id='word_1_211' title='bbox 298 3243 329 3294; x_wconf 77' lang='grc' dir='ltr'><strong><em>μ,</em></strong></span> <span class='ocrx_word' id='word_1_212' title='bbox 352 3224 445 3292; x_wconf 83' lang='grc' dir='ltr'><strong><em>μεῖζον</em></strong></span> <span class='ocrx_word' id='word_1_213' title='bbox 463 3223 517 3278; x_wconf 80' lang='lat' dir='ltr'><strong><em>Vc.</em></strong></span> <span class='ocrx_word' id='word_1_214' title='bbox 590 3225 833 3296; x_wconf 80' lang='grc' dir='ltr'><strong><em>3.ΖΑ]τῆςΑΖ</em></strong></span> <span class='ocrx_word' id='word_1_215' title='bbox 850 3241 877 3292; x_wconf 90' lang='lat' dir='ltr'><strong><em>p.</em></strong></span> <span class='ocrx_word' id='word_1_216' title='bbox 950 3223 1021 3294; x_wconf 86' lang='grc' dir='ltr'><strong><em>ΑΗ]</em></strong></span> <span class='ocrx_word' id='word_1_217' title='bbox 1039 3229 1088 3291; x_wconf 81' lang='grc' dir='ltr'><strong><em>τῆς</em></strong></span> <span class='ocrx_word' id='word_1_218' title='bbox 1110 3226 1166 3275; x_wconf 88' lang='grc' dir='ltr'><strong><em>ΖΗ</em></strong></span> <span class='ocrx_word' id='word_1_219' title='bbox 1180 3239 1206 3290; x_wconf 88' lang='lat' dir='ltr'><strong><em>p.</em></strong></span> 
     </span>
     <span class='ocr_line' id='line_1_27' title="bbox 235 3290 1205 3366; baseline -0.006 -16"><span class='ocrx_word' id='word_1_220' title='bbox 235 3303 259 3350; x_wconf 87' lang='grc'><strong><em>4.</em></strong></span> <span class='ocrx_word' id='word_1_221' title='bbox 285 3296 356 3366; x_wconf 86' lang='grc' dir='ltr'><strong><em>ΒΗ]</em></strong></span> <span class='ocrx_word' id='word_1_222' title='bbox 379 3299 438 3348; x_wconf 88' lang='grc' dir='ltr'><strong><em>ΑΗ</em></strong></span> <span class='ocrx_word' id='word_1_223' title='bbox 457 3294 539 3364; x_wconf 84' lang='lat' dir='ltr'><strong><em>ch,</em></strong></span> <span class='ocrx_word' id='word_1_224' title='bbox 568 3311 636 3348; x_wconf 83' lang='lat' dir='ltr'>corr.</span> <span class='ocrx_word' id='word_1_225' title='bbox 657 3295 760 3350; x_wconf 80' lang='lat' dir='ltr'><strong>Comm.</strong></span> <span class='ocrx_word' id='word_1_226' title='bbox 834 3293 904 3364; x_wconf 78' lang='grc' dir='ltr'><strong><em>ἴσαι]</em></strong></span> <span class='ocrx_word' id='word_1_227' title='bbox 928 3292 986 3348; x_wconf 85' lang='grc' dir='ltr'><strong><em>ίσαι</em></strong></span> <span class='ocrx_word' id='word_1_228' title='bbox 1009 3290 1062 3348; x_wconf 86' lang='grc' dir='ltr'><strong><em>είσί</em></strong></span> <span class='ocrx_word' id='word_1_229' title='bbox 1084 3311 1111 3362; x_wconf 90' lang='lat' dir='ltr'><strong><em>p.</em></strong></span> <span class='ocrx_word' id='word_1_230' title='bbox 1182 3298 1205 3345; x_wconf 78' lang='grc'><strong><em>6.</em></strong></span> 
     </span>
     <span class='ocr_line' id='line_1_28' title="bbox 201 3363 1205 3438; baseline -0.003 -19"><span class='ocrx_word' id='word_1_231' title='bbox 201 3365 286 3437; x_wconf 75' lang='grc' dir='ltr'><strong><em>ἐστιν]</em></strong></span> <span class='ocrx_word' id='word_1_232' title='bbox 310 3363 399 3436; x_wconf 78' lang='grc' dir='ltr'><strong><em>γωνία</em></strong></span> <span class='ocrx_word' id='word_1_233' title='bbox 418 3363 491 3420; x_wconf 80' lang='grc' dir='ltr'><strong><em>ἐστίν</em></strong></span> <span class='ocrx_word' id='word_1_234' title='bbox 509 3384 536 3434; x_wconf 89' lang='lat' dir='ltr'><strong><em>p.</em></strong></span> <span class='ocrx_word' id='word_1_235' title='bbox 611 3372 634 3420; x_wconf 83' lang='lat'><strong><em>9.</em></strong></span> <span class='ocrx_word' id='word_1_236' title='bbox 655 3365 708 3438; x_wconf 82' lang='grc' dir='ltr'><strong><em>ὅτι]</em></strong></span> <span class='ocrx_word' id='word_1_237' title='bbox 728 3383 778 3435; x_wconf 83' lang='lat' dir='ltr'><strong><em>cp,</em></strong></span> <span class='ocrx_word' id='word_1_238' title='bbox 804 3382 857 3419; x_wconf 90' lang='lat' dir='ltr'><strong><em>om.</em></strong></span> <span class='ocrx_word' id='word_1_239' title='bbox 877 3383 907 3434; x_wconf 84' lang='lat' dir='ltr'><strong><em>v,</em></strong></span> <span class='ocrx_word' id='word_1_240' title='bbox 932 3363 992 3420; x_wconf 74' lang='grc' dir='ltr'><strong><em>ὅτι</em></strong></span> <span class='ocrx_word' id='word_1_241' title='bbox 1009 3365 1036 3419; x_wconf 84' lang='lat' dir='ltr'><strong>V</strong></span> <span class='ocrx_word' id='word_1_242' title='bbox 1054 3381 1139 3433; x_wconf 79' lang='lat' dir='ltr'>supra</span> <span class='ocrx_word' id='word_1_243' title='bbox 1158 3380 1205 3417; x_wconf 84' lang='lat' dir='ltr'>scr.</span> 
     </span>
     <span class='ocr_line' id='line_1_29' title="bbox 201 3431 1204 3508; baseline -0.004 -17"><span class='ocrx_word' id='word_1_244' title='bbox 201 3435 287 3505; x_wconf 74' lang='lat' dir='ltr'><strong>-}-3u</strong></span> <span class='ocrx_word' id='word_1_245' title='bbox 305 3456 341 3491; x_wconf 86' lang='lat' dir='ltr'><strong><em>m.</em></strong></span> <span class='ocrx_word' id='word_1_246' title='bbox 356 3453 409 3492; x_wconf 81' lang='lat' dir='ltr'>rec.</span> <span class='ocrx_word' id='word_1_247' title='bbox 484 3442 525 3490; x_wconf 90' lang='lat'><strong><em>10.</em></strong></span> <span class='ocrx_word' id='word_1_248' title='bbox 546 3456 593 3490; x_wconf 91' lang='grc' dir='ltr'><strong><em>-ου</em></strong></span> <span class='ocrx_word' id='word_1_249' title='bbox 612 3438 673 3508; x_wconf 83' lang='grc' dir='ltr'><strong><em>τοῦ]</em></strong></span> <span class='ocrx_word' id='word_1_250' title='bbox 693 3454 708 3490; x_wconf 84' lang='grc' dir='ltr'><strong><em>ο</em></strong></span> <span class='ocrx_word' id='word_1_251' title='bbox 727 3453 796 3492; x_wconf 84' lang='lat' dir='ltr'>corr.</span> <span class='ocrx_word' id='word_1_252' title='bbox 812 3454 840 3506; x_wconf 87' lang='lat' dir='ltr'><strong><em>p.</em></strong></span> <span class='ocrx_word' id='word_1_253' title='bbox 914 3441 955 3491; x_wconf 89' lang='lat'><strong><em>11.</em></strong></span> <span class='ocrx_word' id='word_1_254' title='bbox 975 3431 1020 3507; x_wconf 82' lang='grc' dir='ltr'><strong><em>οὗ]</em></strong></span> <span class='ocrx_word' id='word_1_255' title='bbox 1039 3453 1066 3504; x_wconf 85' lang='lat' dir='ltr'><strong><em>p,</em></strong></span> <span class='ocrx_word' id='word_1_256' title='bbox 1086 3451 1140 3490; x_wconf 90' lang='lat' dir='ltr'><strong><em>om.</em></strong></span> <span class='ocrx_word' id='word_1_257' title='bbox 1155 3434 1204 3488; x_wconf 83' lang='lat' dir='ltr'><strong><em>Vc.</em></strong></span> 
     </span>
     <span class='ocr_line' id='line_1_30' title="bbox 237 3505 1205 3579; baseline 0.001 -20"><span class='ocrx_word' id='word_1_258' title='bbox 237 3514 278 3561; x_wconf 84' lang='lat'><strong><em>15.</em></strong></span> <span class='ocrx_word' id='word_1_259' title='bbox 298 3507 329 3562; x_wconf 79' lang='grc' dir='ltr'><strong><em>έν</em></strong></span> <span class='ocrx_word' id='word_1_260' title='bbox 344 3540 377 3548; x_wconf 97' lang='grc'><strong>-</strong></span> <span class='ocrx_word' id='word_1_261' title='bbox 391 3526 418 3577; x_wconf 83' lang='lat' dir='ltr'><strong><em>p.</em></strong></span> <span class='ocrx_word' id='word_1_262' title='bbox 434 3514 494 3575; x_wconf 77' lang='lat'>238,</span> <span class='ocrx_word' id='word_1_263' title='bbox 515 3512 556 3560; x_wconf 78' lang='lat'><strong><em>15.</em></strong></span> <span class='ocrx_word' id='word_1_264' title='bbox 577 3507 797 3579; x_wconf 85' lang='grc' dir='ltr'><strong><em>συναμφότερος]</em></strong></span> <span class='ocrx_word' id='word_1_265' title='bbox 816 3506 861 3560; x_wconf 86' lang='lat' dir='ltr'><strong><em>bis</em></strong></span> <span class='ocrx_word' id='word_1_266' title='bbox 880 3507 1005 3578; x_wconf 75' lang='lat' dir='ltr'>c(c¹c²).</span> <span class='ocrx_word' id='word_1_267' title='bbox 1061 3512 1102 3560; x_wconf 88' lang='lat'><strong><em>15.</em></strong></span> <span class='ocrx_word' id='word_1_268' title='bbox 1121 3505 1205 3576; x_wconf 80' lang='grc' dir='ltr'><strong><em>τινός]</em></strong></span> 
     </span>
     <span class='ocr_line' id='line_1_31' title="bbox 201 3577 952 3650; baseline 0.004 -21"><span class='ocrx_word' id='word_1_269' title='bbox 201 3593 254 3630; x_wconf 86' lang='lat' dir='ltr'><strong><em>om.</em></strong></span> <span class='ocrx_word' id='word_1_270' title='bbox 274 3581 309 3632; x_wconf 80' lang='lat'><strong><em>01.</em></strong></span> <span class='ocrx_word' id='word_1_271' title='bbox 371 3585 412 3633; x_wconf 75' lang='lat'><strong><em>17.</em></strong></span> <span class='ocrx_word' id='word_1_272' title='bbox 433 3577 492 3650; x_wconf 86' lang='grc' dir='ltr'><strong><em>διᾶ]</em></strong></span> <span class='ocrx_word' id='word_1_273' title='bbox 511 3577 556 3630; x_wconf 84' lang='lat' dir='ltr'><strong><em>bis</em></strong></span> <span class='ocrx_word' id='word_1_274' title='bbox 574 3578 607 3633; x_wconf 91' lang='lat' dir='ltr'><strong><em>V.</em></strong></span> <span class='ocrx_word' id='word_1_275' title='bbox 673 3585 715 3633; x_wconf 79' lang='lat'><strong><em>20.</em></strong></span> <span class='ocrx_word' id='word_1_276' title='bbox 734 3579 768 3650; x_wconf 94' lang='lat' dir='ltr'><strong><em>A]</em></strong></span> <span class='ocrx_word' id='word_1_277' title='bbox 787 3587 898 3646; x_wconf 82' lang='grc' dir='ltr'><strong><em>πρῶτον</em></strong></span> <span class='ocrx_word' id='word_1_278' title='bbox 917 3578 952 3632; x_wconf 79' lang='lat'><strong><em>0².</em></strong></span> 
     </span>
    </p>
   </div>
   <div class='ocr_carea' id='block_1_7' title="bbox 1284 3563 1287 3642">
    <p class='ocr_par' dir='ltr' id='par_1_12' title="bbox 1284 3563 1287 3642">
     <span class='ocr_line' id='line_1_32' title="bbox 1284 3563 1287 3642; baseline 0 -15"><span class='ocrx_word' id='word_1_279' title='bbox 1284 3563 1287 3642; x_wconf 69' lang='grc' dir='ltr'><strong><em>λ’</em></strong></span> 
     </span>
    </p>
   </div>
   <div class='ocr_carea' id='block_1_8' title="bbox 0 0 1306 3880">
    <p class='ocr_par' dir='ltr' id='par_1_13' title="bbox 0 0 1306 3880">
     <span class='ocr_line' id='line_1_33' title="bbox 0 0 1306 3880; baseline 0 0"><span class='ocrx_word' id='word_1_280' title='bbox 0 0 1306 3880; x_wconf 95' lang='lat' dir='ltr'><strong><em> </em></strong></span> 
     </span>
    </p>
   </div>
  </div>
 </body>
</html>
