<?xml version="1.0" encoding="UTF-8"?>
<!DOCTYPE html PUBLIC "-//W3C//DTD XHTML 1.0 Transitional//EN"
    "http://www.w3.org/TR/xhtml1/DTD/xhtml1-transitional.dtd">
<html xmlns="http://www.w3.org/1999/xhtml" xml:lang="en" lang="en">
 <head>
  <title>
</title>
<meta http-equiv="Content-Type" content="text/html;charset=utf-8" />
  <meta name='ocr-system' content='tesseract 3.04.00' />
  <meta name='ocr-capabilities' content='ocr_page ocr_carea ocr_par ocr_line ocrx_word'/>
</head>
<body>
  <div class='ocr_page' id='page_1' title='image "./sereniantinoens02heibgoog_0162.png"; bbox 0 0 2594 3878; ppageno 0'>
   <div class='ocr_carea' id='block_1_1' title="bbox 188 189 885 283">
    <p class='ocr_par' dir='ltr' id='par_1_1' title="bbox 188 189 885 283">
     <span class='ocr_line' id='line_1_1' title="bbox 188 189 885 283; baseline -0.013 0"><span class='ocrx_word' id='word_1_1' title='bbox 188 221 249 283; x_wconf 87' lang='lat'><strong><em>138</em></strong></span> <span class='ocrx_word' id='word_1_2' title='bbox 499 224 586 273; x_wconf 70' lang='lat' dir='ltr'><strong><em>nm</em></strong></span> <span class='ocrx_word' id='word_1_3' title='bbox 604 223 732 274; x_wconf 74' lang='grc' dir='ltr'><strong><em>Κουον</em></strong></span> <span class='ocrx_word' id='word_1_4' title='bbox 750 189 885 276; x_wconf 64' lang='lat' dir='ltr'>pompa.</span> 
     </span>
    </p>
   </div>
   <div class='ocr_carea' id='block_1_2' title="bbox 149 365 1284 1092">
    <p class='ocr_par' dir='ltr' id='par_1_2' title="bbox 149 365 1284 1092">
     <span class='ocr_line' id='line_1_2' title="bbox 184 365 1196 454; baseline 0.002 -25"><span class='ocrx_word' id='word_1_5' title='bbox 184 367 221 429; x_wconf 89' lang='grc' dir='ltr'><strong><em>τὸ</em></strong></span> <span class='ocrx_word' id='word_1_6' title='bbox 251 369 361 429; x_wconf 99' lang='grc' dir='ltr'><strong><em>ΑΗΔ</em></strong></span> <span class='ocrx_word' id='word_1_7' title='bbox 394 367 457 451; x_wconf 87' lang='grc' dir='ltr'><strong><em>ἄρα</em></strong></span> <span class='ocrx_word' id='word_1_8' title='bbox 489 367 572 451; x_wconf 90' lang='grc' dir='ltr'><strong><em>πρὸς</em></strong></span> <span class='ocrx_word' id='word_1_9' title='bbox 601 367 638 430; x_wconf 92' lang='grc' dir='ltr'><strong><em>τὸ</em></strong></span> <span class='ocrx_word' id='word_1_10' title='bbox 667 370 772 430; x_wconf 90' lang='grc' dir='ltr'><strong><em>ΑΒΔ</em></strong></span> <span class='ocrx_word' id='word_1_11' title='bbox 804 365 841 430; x_wconf 89' lang='grc' dir='ltr'><strong><em>έν</em></strong></span> <span class='ocrx_word' id='word_1_12' title='bbox 868 376 913 454; x_wconf 79' lang='grc' dir='ltr'><strong><em>τῷ</em></strong></span> <span class='ocrx_word' id='word_1_13' title='bbox 942 365 1079 431; x_wconf 76' lang='grc' dir='ltr'><em>δοθέντι</em></span> <span class='ocrx_word' id='word_1_14' title='bbox 1108 370 1196 454; x_wconf 77' lang='grc' dir='ltr'><strong><em>λόγῳ</em></strong></span> 
     </span>
     <span class='ocr_line' id='line_1_3' title="bbox 185 459 1197 559; baseline 0.001 -23"><span class='ocrx_word' id='word_1_15' title='bbox 185 472 283 536; x_wconf 85' lang='grc' dir='ltr'><strong><em>ἐστίν.</em></strong></span> <span class='ocrx_word' id='word_1_16' title='bbox 330 471 388 536; x_wconf 84' lang='grc' dir='ltr'><strong><em>ἐὰν</em></strong></span> <span class='ocrx_word' id='word_1_17' title='bbox 411 468 473 538; x_wconf 83' lang='grc' dir='ltr'><strong><em>οὖν</em></strong></span> <span class='ocrx_word' id='word_1_18' title='bbox 502 472 537 537; x_wconf 85' lang='grc' dir='ltr'><strong><em>ἐν</em></strong></span> <span class='ocrx_word' id='word_1_19' title='bbox 560 482 599 558; x_wconf 74' lang='grc' dir='ltr'><strong><em>τῇ</em></strong></span> <span class='ocrx_word' id='word_1_20' title='bbox 623 473 717 556; x_wconf 92' lang='grc' dir='ltr'><strong><em>βάσει</em></strong></span> <span class='ocrx_word' id='word_1_21' title='bbox 745 459 805 536; x_wconf 79' lang='grc' dir='ltr'><strong><em>τοῦ</em></strong></span> <span class='ocrx_word' id='word_1_22' title='bbox 827 474 938 538; x_wconf 85' lang='grc' dir='ltr'><strong><em>κώνου</em></strong></span> <span class='ocrx_word' id='word_1_23' title='bbox 963 472 1197 559; x_wconf 78' lang='grc' dir='ltr'><strong><em>ἐναρμόσωμεν</em></strong></span> 
     </span>
     <span class='ocr_line' id='line_1_4' title="bbox 185 577 1197 678; baseline 0.002 -36"><span class='ocrx_word' id='word_1_24' title='bbox 185 579 307 661; x_wconf 76' lang='grc' dir='ltr'><strong><em>διπλῆν</em></strong></span> <span class='ocrx_word' id='word_1_25' title='bbox 334 588 391 662; x_wconf 80' lang='grc' dir='ltr'><strong><em>τῆς</em></strong></span> <span class='ocrx_word' id='word_1_26' title='bbox 414 583 487 643; x_wconf 93' lang='grc' dir='ltr'><strong><em>ΗΔ</em></strong></span> <span class='ocrx_word' id='word_1_27' title='bbox 514 577 570 644; x_wconf 84' lang='grc' dir='ltr'><strong><em>καὶ</em></strong></span> <span class='ocrx_word' id='word_1_28' title='bbox 598 580 653 643; x_wconf 75' lang='grc' dir='ltr'><strong><em>διὰ</em></strong></span> <span class='ocrx_word' id='word_1_29' title='bbox 681 587 739 662; x_wconf 80' lang='grc' dir='ltr'><strong><em>τῆς</em></strong></span> <span class='ocrx_word' id='word_1_30' title='bbox 766 578 1027 678; x_wconf 78' lang='grc' dir='ltr'><strong><em>ἐναρμοσθείσης</em></strong></span> <span class='ocrx_word' id='word_1_31' title='bbox 1054 579 1110 644; x_wconf 78' lang='grc' dir='ltr'><strong><em>καὶ</em></strong></span> <span class='ocrx_word' id='word_1_32' title='bbox 1138 590 1197 664; x_wconf 77' lang='grc' dir='ltr'><strong><em>τῆς</em></strong></span> 
     </span>
     <span class='ocr_line' id='line_1_5' title="bbox 184 686 1196 771; baseline 0.004 -23"><span class='ocrx_word' id='word_1_33' title='bbox 184 694 334 770; x_wconf 78' lang='grc' dir='ltr'><strong><em>κορυφῆς</em></strong></span> <span class='ocrx_word' id='word_1_34' title='bbox 361 695 420 749; x_wconf 90' lang='grc' dir='ltr'><strong><em>τοῦ</em></strong></span> <span class='ocrx_word' id='word_1_35' title='bbox 448 687 558 750; x_wconf 86' lang='grc' dir='ltr'><strong><em>κώνου</em></strong></span> <span class='ocrx_word' id='word_1_36' title='bbox 585 687 623 750; x_wconf 82' lang='grc' dir='ltr'><strong><em>τὸ</em></strong></span> <span class='ocrx_word' id='word_1_37' title='bbox 652 686 807 751; x_wconf 78' lang='grc' dir='ltr'><strong><em>ἐπίπεδον</em></strong></span> <span class='ocrx_word' id='word_1_38' title='bbox 830 687 1032 771; x_wconf 89' lang='grc' dir='ltr'><strong><em>ἐκβάλωμεν,</em></strong></span> <span class='ocrx_word' id='word_1_39' title='bbox 1065 689 1196 770; x_wconf 78' lang='grc' dir='ltr'><strong><em>ποιήσει</em></strong></span> 
     </span>
     <span class='ocr_line' id='line_1_6' title="bbox 149 791 1284 880; baseline 0.003 -24"><span class='ocrx_word' id='word_1_40' title='bbox 149 794 348 876; x_wconf 80' lang='grc' dir='ltr'><strong><em>στρίγωνον</em></strong></span> <span class='ocrx_word' id='word_1_41' title='bbox 376 791 413 855; x_wconf 88' lang='grc' dir='ltr'><strong><em>έν</em></strong></span> <span class='ocrx_word' id='word_1_42' title='bbox 435 802 481 879; x_wconf 74' lang='grc' dir='ltr'><strong><em>τῷ</em></strong></span> <span class='ocrx_word' id='word_1_43' title='bbox 504 794 599 880; x_wconf 78' lang='grc' dir='ltr'><strong><em>κώνςο</em></strong></span> <span class='ocrx_word' id='word_1_44' title='bbox 628 793 803 858; x_wconf 75' lang='grc' dir='ltr'><strong><em>διπλάσιον</em></strong></span> <span class='ocrx_word' id='word_1_45' title='bbox 831 803 891 858; x_wconf 89' lang='grc' dir='ltr'><strong><em>τοῦ</em></strong></span> <span class='ocrx_word' id='word_1_46' title='bbox 915 798 1035 858; x_wconf 95' lang='grc' dir='ltr'><em>ΑΗΔ.</em></span> <span class='ocrx_word' id='word_1_47' title='bbox 1082 796 1195 878; x_wconf 82' lang='grc' dir='ltr'><strong><em>σχήσει</em></strong></span> <span class='ocrx_word' id='word_1_48' title='bbox 1283 849 1284 852; x_wconf 17' lang='grc' dir='ltr'><strong><em>ι</em></strong></span> 
     </span>
     <span class='ocr_line' id='line_1_7' title="bbox 184 898 1196 985; baseline 0.004 -24"><span class='ocrx_word' id='word_1_49' title='bbox 184 898 248 983; x_wconf 91' lang='grc' dir='ltr'><strong><em>ἄρα</em></strong></span> <span class='ocrx_word' id='word_1_50' title='bbox 276 899 313 962; x_wconf 91' lang='grc' dir='ltr'><strong><em>τὸ</em></strong></span> <span class='ocrx_word' id='word_1_51' title='bbox 342 899 582 983; x_wconf 93' lang='grc' dir='ltr'><strong><em>συνιστάμενον</em></strong></span> <span class='ocrx_word' id='word_1_52' title='bbox 606 903 770 984; x_wconf 93' lang='grc' dir='ltr'><strong><em>τρίγωνον</em></strong></span> <span class='ocrx_word' id='word_1_53' title='bbox 793 901 876 985; x_wconf 90' lang='grc' dir='ltr'><strong><em>πρὸς</em></strong></span> <span class='ocrx_word' id='word_1_54' title='bbox 897 902 934 965; x_wconf 88' lang='grc' dir='ltr'><strong><em>τὸ</em></strong></span> <span class='ocrx_word' id='word_1_55' title='bbox 959 907 991 965; x_wconf 91' lang='grc' dir='ltr'><em>Α</em></span> <span class='ocrx_word' id='word_1_56' title='bbox 997 904 1057 965; x_wconf 95' lang='grc' dir='ltr'><strong><em>ΓΔ</em></strong></span> <span class='ocrx_word' id='word_1_57' title='bbox 1084 904 1196 984; x_wconf 89' lang='grc' dir='ltr'><strong><em>λόγον,</em></strong></span> 
     </span>
     <span class='ocr_line' id='line_1_8' title="bbox 184 1002 1195 1092; baseline 0.004 -24"><span class='ocrx_word' id='word_1_58' title='bbox 184 1002 224 1068; x_wconf 87' lang='grc' dir='ltr'><strong><em>ὃν</em></strong></span> <span class='ocrx_word' id='word_1_59' title='bbox 237 1005 274 1069; x_wconf 93' lang='grc' dir='ltr'><strong><em>τὸ</em></strong></span> <span class='ocrx_word' id='word_1_60' title='bbox 289 1008 399 1068; x_wconf 92' lang='grc' dir='ltr'><strong><em>ΑΗΔ</em></strong></span> <span class='ocrx_word' id='word_1_61' title='bbox 417 1009 482 1089; x_wconf 84' lang='grc' dir='ltr'><strong><em>ἔχει</em></strong></span> <span class='ocrx_word' id='word_1_62' title='bbox 497 1007 579 1092; x_wconf 87' lang='grc' dir='ltr'><strong><em>πρὸς</em></strong></span> <span class='ocrx_word' id='word_1_63' title='bbox 593 1011 706 1090; x_wconf 91' lang='grc' dir='ltr'><em>ΑΒΔ,</em></span> <span class='ocrx_word' id='word_1_64' title='bbox 724 1005 894 1071; x_wconf 82' lang='grc' dir='ltr'><strong><em>τουτέστιν</em></strong></span> <span class='ocrx_word' id='word_1_65' title='bbox 912 1006 952 1071; x_wconf 87' lang='grc' dir='ltr'><strong><em>ὃν</em></strong></span> <span class='ocrx_word' id='word_1_66' title='bbox 970 1007 990 1090; x_wconf 77' lang='grc' dir='ltr'><strong><em>ἡ</em></strong></span> <span class='ocrx_word' id='word_1_67' title='bbox 1006 1011 1040 1071; x_wconf 91' lang='grc' dir='ltr'><em>Κ</em></span> <span class='ocrx_word' id='word_1_68' title='bbox 1055 1009 1140 1092; x_wconf 91' lang='grc' dir='ltr'><strong><em>πρὸς</em></strong></span> <span class='ocrx_word' id='word_1_69' title='bbox 1157 1012 1195 1072; x_wconf 91' lang='lat' dir='ltr'><strong><em>A.</em></strong></span> 
     </span>
    </p>
   </div>
   <div class='ocr_carea' id='block_1_3' title="bbox 129 1227 1284 3119">
    <p class='ocr_par' dir='ltr' id='par_1_3' title="bbox 249 1227 1284 1414">
     <span class='ocr_line' id='line_1_9' title="bbox 671 1227 705 1265; baseline 0 0"><span class='ocrx_word' id='word_1_70' title='bbox 671 1227 705 1265; x_wconf 95' lang='grc' dir='ltr'><strong><em>ι.</em></strong></span> 
     </span>
     <span class='ocr_line' id='line_1_10' title="bbox 249 1323 1284 1414; baseline 0.006 -26"><span class='ocrx_word' id='word_1_71' title='bbox 249 1323 325 1389; x_wconf 86' lang='grc' dir='ltr'><strong><em>Ἐάν</em></strong></span> <span class='ocrx_word' id='word_1_72' title='bbox 343 1338 449 1403; x_wconf 90' lang='grc' dir='ltr'><strong><em>κώνος</em></strong></span> <span class='ocrx_word' id='word_1_73' title='bbox 468 1327 572 1413; x_wconf 74' lang='grc' dir='ltr'><strong><em>ὀρθὸς</em></strong></span> <span class='ocrx_word' id='word_1_74' title='bbox 591 1329 646 1392; x_wconf 78' lang='grc' dir='ltr'><strong><em>διὰ</em></strong></span> <span class='ocrx_word' id='word_1_75' title='bbox 665 1338 722 1412; x_wconf 77' lang='grc' dir='ltr'><strong><em>τῆς</em></strong></span> <span class='ocrx_word' id='word_1_76' title='bbox 735 1337 886 1414; x_wconf 79' lang='grc' dir='ltr'><strong><em>κορυφῆς</em></strong></span> <span class='ocrx_word' id='word_1_77' title='bbox 904 1326 1070 1403; x_wconf 76' lang='grc' dir='ltr'><strong><em>ἐπιπέδοις</em></strong></span> <span class='ocrx_word' id='word_1_78' title='bbox 1084 1334 1193 1412; x_wconf 77' lang='grc' dir='ltr'><strong><em>τμηθῇ</em></strong></span> <span class='ocrx_word' id='word_1_79' title='bbox 1283 1347 1284 1394; x_wconf 65' lang='lat'>3</span> 
     </span>
    </p>

    <p class='ocr_par' dir='ltr' id='par_1_4' title="bbox 132 1427 1195 1839">
     <span class='ocr_line' id='line_1_11' title="bbox 132 1427 1194 1517; baseline 0.001 -20"><span class='ocrx_word' id='word_1_80' title='bbox 132 1448 165 1497; x_wconf 93' lang='lat'><strong><em>10</em></strong></span> <span class='ocrx_word' id='word_1_81' title='bbox 184 1439 229 1517; x_wconf 75' lang='grc' dir='ltr'><strong><em>τῷ</em></strong></span> <span class='ocrx_word' id='word_1_82' title='bbox 253 1427 314 1514; x_wconf 75' lang='grc' dir='ltr'><strong><em>μὲν</em></strong></span> <span class='ocrx_word' id='word_1_83' title='bbox 338 1432 393 1496; x_wconf 76' lang='grc' dir='ltr'><strong><em>διὰ</em></strong></span> <span class='ocrx_word' id='word_1_84' title='bbox 416 1442 476 1497; x_wconf 87' lang='grc' dir='ltr'><strong><em>τοῦ</em></strong></span> <span class='ocrx_word' id='word_1_85' title='bbox 495 1432 622 1517; x_wconf 92' lang='grc' dir='ltr'><strong><em>ἄξονος,</em></strong></span> <span class='ocrx_word' id='word_1_86' title='bbox 646 1447 715 1511; x_wconf 81' lang='grc' dir='ltr'><strong><em>τοῖς</em></strong></span> <span class='ocrx_word' id='word_1_87' title='bbox 734 1432 770 1500; x_wconf 72' lang='grc' dir='ltr'><strong><em>δέ</em></strong></span> <span class='ocrx_word' id='word_1_88' title='bbox 790 1434 881 1511; x_wconf 90' lang='grc' dir='ltr'><strong><em>ε’κτὸς</em></strong></span> <span class='ocrx_word' id='word_1_89' title='bbox 899 1443 959 1498; x_wconf 85' lang='grc' dir='ltr'><strong><em>τοῦ</em></strong></span> <span class='ocrx_word' id='word_1_90' title='bbox 978 1433 1106 1517; x_wconf 78' lang='grc' dir='ltr'><strong><em>ἄξονος,</em></strong></span> <span class='ocrx_word' id='word_1_91' title='bbox 1130 1445 1194 1498; x_wconf 81' lang='grc' dir='ltr'><strong><em>τῶν</em></strong></span> 
     </span>
     <span class='ocr_line' id='line_1_12' title="bbox 184 1533 1194 1623; baseline 0.005 -24"><span class='ocrx_word' id='word_1_92' title='bbox 184 1533 221 1600; x_wconf 77' lang='grc' dir='ltr'><strong><em>δέ</em></strong></span> <span class='ocrx_word' id='word_1_93' title='bbox 248 1535 436 1621; x_wconf 82' lang='grc' dir='ltr'><strong><em>γενομένων</em></strong></span> <span class='ocrx_word' id='word_1_94' title='bbox 464 1541 637 1623; x_wconf 78' lang='grc' dir='ltr'><strong><em>τριγώνων</em></strong></span> <span class='ocrx_word' id='word_1_95' title='bbox 665 1541 756 1617; x_wconf 87' lang='grc' dir='ltr'><strong><em>ἐκτὸς</em></strong></span> <span class='ocrx_word' id='word_1_96' title='bbox 782 1549 843 1604; x_wconf 87' lang='grc' dir='ltr'><strong><em>τοῦ</em></strong></span> <span class='ocrx_word' id='word_1_97' title='bbox 871 1538 988 1617; x_wconf 90' lang='grc' dir='ltr'><strong><em>ἄξονος</em></strong></span> <span class='ocrx_word' id='word_1_98' title='bbox 1016 1541 1052 1605; x_wconf 79' lang='grc' dir='ltr'><strong><em>ἓν</em></strong></span> <span class='ocrx_word' id='word_1_99' title='bbox 1081 1541 1194 1605; x_wconf 85' lang='grc' dir='ltr'><strong><em>ὁτιοῦν</em></strong></span> 
     </span>
     <span class='ocr_line' id='line_1_13' title="bbox 184 1637 1195 1734; baseline 0.007 -29"><span class='ocrx_word' id='word_1_100' title='bbox 184 1648 260 1706; x_wconf 74' lang='grc' dir='ltr'><strong><em>ἴσον</em></strong></span> <span class='ocrx_word' id='word_1_101' title='bbox 282 1637 304 1728; x_wconf 78' lang='grc' dir='ltr'><strong><em>ᾖ</em></strong></span> <span class='ocrx_word' id='word_1_102' title='bbox 323 1653 369 1731; x_wconf 76' lang='grc' dir='ltr'><strong><em>τῷ</em></strong></span> <span class='ocrx_word' id='word_1_103' title='bbox 390 1645 446 1708; x_wconf 74' lang='grc' dir='ltr'><strong><em>διὰ</em></strong></span> <span class='ocrx_word' id='word_1_104' title='bbox 464 1654 524 1709; x_wconf 86' lang='grc' dir='ltr'><strong><em>τοῦ</em></strong></span> <span class='ocrx_word' id='word_1_105' title='bbox 543 1644 660 1723; x_wconf 89' lang='grc' dir='ltr'><strong><em>ἄξονος</em></strong></span> <span class='ocrx_word' id='word_1_106' title='bbox 678 1648 840 1734; x_wconf 78' lang='grc' dir='ltr'><strong><em>τριγώνῳ,</em></strong></span> <span class='ocrx_word' id='word_1_107' title='bbox 863 1647 881 1712; x_wconf 85' lang='grc' dir='ltr'>ὁ</span> <span class='ocrx_word' id='word_1_108' title='bbox 899 1656 960 1711; x_wconf 87' lang='grc' dir='ltr'><strong><em>τοῦ</em></strong></span> <span class='ocrx_word' id='word_1_109' title='bbox 978 1648 1088 1711; x_wconf 89' lang='grc' dir='ltr'><strong><em>κώνου</em></strong></span> <span class='ocrx_word' id='word_1_110' title='bbox 1109 1646 1195 1725; x_wconf 89' lang='grc' dir='ltr'><strong><em>ἄξων</em></strong></span> 
     </span>
     <span class='ocr_line' id='line_1_14' title="bbox 184 1747 1063 1839; baseline 0.007 -27"><span class='ocrx_word' id='word_1_111' title='bbox 184 1747 329 1814; x_wconf 90' lang='grc' dir='ltr'><strong><em>ἐλάττων</em></strong></span> <span class='ocrx_word' id='word_1_112' title='bbox 352 1752 442 1815; x_wconf 82' lang='grc' dir='ltr'><strong><em>ἔσται</em></strong></span> <span class='ocrx_word' id='word_1_113' title='bbox 465 1761 522 1836; x_wconf 76' lang='grc' dir='ltr'><strong><em>τῆς</em></strong></span> <span class='ocrx_word' id='word_1_114' title='bbox 546 1752 581 1816; x_wconf 88' lang='grc' dir='ltr'><strong><em>ἐκ</em></strong></span> <span class='ocrx_word' id='word_1_115' title='bbox 603 1763 664 1817; x_wconf 91' lang='grc' dir='ltr'><strong><em>τοῦ</em></strong></span> <span class='ocrx_word' id='word_1_116' title='bbox 686 1752 826 1839; x_wconf 87' lang='grc' dir='ltr'><strong><em>κέντρου</em></strong></span> <span class='ocrx_word' id='word_1_117' title='bbox 849 1762 906 1837; x_wconf 76' lang='grc' dir='ltr'><strong><em>τῆς</em></strong></span> <span class='ocrx_word' id='word_1_118' title='bbox 928 1753 1063 1836; x_wconf 88' lang='grc' dir='ltr'><strong><em>βάσεως.</em></strong></span> 
     </span>
    </p>

    <p class='ocr_par' dir='ltr' id='par_1_5' title="bbox 250 1855 1195 1944">
     <span class='ocr_line' id='line_1_15' title="bbox 250 1855 1195 1944; baseline 0.004 -24"><span class='ocrx_word' id='word_1_119' title='bbox 250 1855 433 1940; x_wconf 76' lang='grc' dir='ltr'><strong><em>τμηθέντος</em></strong></span> <span class='ocrx_word' id='word_1_120' title='bbox 464 1859 527 1944; x_wconf 87' lang='grc' dir='ltr'><strong><em>γάρ</em></strong></span> <span class='ocrx_word' id='word_1_121' title='bbox 560 1867 619 1923; x_wconf 90' lang='grc' dir='ltr'><strong><em>τοῦ</em></strong></span> <span class='ocrx_word' id='word_1_122' title='bbox 651 1860 761 1924; x_wconf 92' lang='grc' dir='ltr'><strong><em>κώνου</em></strong></span> <span class='ocrx_word' id='word_1_123' title='bbox 790 1858 938 1942; x_wconf 77' lang='grc' dir='ltr'><strong><em>γενέσθω</em></strong></span> <span class='ocrx_word' id='word_1_124' title='bbox 966 1863 1111 1944; x_wconf 86' lang='grc' dir='ltr'><strong><em>τρίγωνα</em></strong></span> <span class='ocrx_word' id='word_1_125' title='bbox 1141 1861 1195 1925; x_wconf 76' lang='grc' dir='ltr'><strong><em>διὰ</em></strong></span> 
     </span>
    </p>

    <p class='ocr_par' dir='ltr' id='par_1_6' title="bbox 132 1959 1196 2476">
     <span class='ocr_line' id='line_1_16' title="bbox 132 1959 1195 2050; baseline 0.003 -22"><span class='ocrx_word' id='word_1_126' title='bbox 132 1981 165 2028; x_wconf 80' lang='lat'><strong><em>15</em></strong></span> <span class='ocrx_word' id='word_1_127' title='bbox 184 1959 245 2046; x_wconf 75' lang='grc' dir='ltr'><strong><em>μὲν</em></strong></span> <span class='ocrx_word' id='word_1_128' title='bbox 267 1973 327 2028; x_wconf 88' lang='grc' dir='ltr'><strong><em>τοῦ</em></strong></span> <span class='ocrx_word' id='word_1_129' title='bbox 351 1964 468 2042; x_wconf 83' lang='grc' dir='ltr'><strong><em>ἄξονος</em></strong></span> <span class='ocrx_word' id='word_1_130' title='bbox 490 1967 527 2030; x_wconf 91' lang='grc' dir='ltr'><strong><em>τὸ</em></strong></span> <span class='ocrx_word' id='word_1_131' title='bbox 551 1969 665 2050; x_wconf 89' lang='grc' dir='ltr'><em>ΑΓΔ,</em></span> <span class='ocrx_word' id='word_1_132' title='bbox 694 1965 785 2043; x_wconf 86' lang='grc' dir='ltr'><strong><em>ἐκτὸς</em></strong></span> <span class='ocrx_word' id='word_1_133' title='bbox 808 1962 845 2030; x_wconf 71' lang='grc' dir='ltr'><strong><em>βλ</em></strong></span> <span class='ocrx_word' id='word_1_134' title='bbox 868 1968 904 2031; x_wconf 91' lang='grc' dir='ltr'><strong><em>τὸ</em></strong></span> <span class='ocrx_word' id='word_1_135' title='bbox 929 1971 1029 2031; x_wconf 90' lang='grc' dir='ltr'><strong><em>ΑΕΖ</em></strong></span> <span class='ocrx_word' id='word_1_136' title='bbox 1058 1972 1134 2031; x_wconf 84' lang='grc' dir='ltr'><strong><em>λ’σον</em></strong></span> <span class='ocrx_word' id='word_1_137' title='bbox 1157 1967 1195 2031; x_wconf 84' lang='grc' dir='ltr'><strong><em>ὂν</em></strong></span> 
     </span>
     <span class='ocr_line' id='line_1_17' title="bbox 183 2068 1195 2158; baseline 0.004 -25"><span class='ocrx_word' id='word_1_138' title='bbox 183 2079 228 2155; x_wconf 71' lang='grc' dir='ltr'><strong><em>τρῖ</em></strong></span> <span class='ocrx_word' id='word_1_139' title='bbox 254 2077 285 2133; x_wconf 89' lang='lat' dir='ltr'><em>A</em></span> <span class='ocrx_word' id='word_1_140' title='bbox 292 2074 361 2153; x_wconf 96' lang='grc' dir='ltr'><strong><em>ΓΔ,</em></strong></span> <span class='ocrx_word' id='word_1_141' title='bbox 385 2074 467 2135; x_wconf 91' lang='grc' dir='ltr'><strong><em>έστω</em></strong></span> <span class='ocrx_word' id='word_1_142' title='bbox 487 2068 523 2136; x_wconf 74' lang='grc' dir='ltr'><strong><em>δέ</em></strong></span> <span class='ocrx_word' id='word_1_143' title='bbox 541 2072 751 2156; x_wconf 82' lang='grc' dir='ltr'><strong><em>παράλληλος</em></strong></span> <span class='ocrx_word' id='word_1_144' title='bbox 769 2072 790 2155; x_wconf 78' lang='grc' dir='ltr'><em>ἡ</em></span> <span class='ocrx_word' id='word_1_145' title='bbox 809 2077 871 2136; x_wconf 90' lang='grc' dir='ltr'><strong><em>ΕΖ</em></strong></span> <span class='ocrx_word' id='word_1_146' title='bbox 895 2083 934 2158; x_wconf 78' lang='grc' dir='ltr'><strong><em>τῇ</em></strong></span> <span class='ocrx_word' id='word_1_147' title='bbox 955 2076 1015 2137; x_wconf 90' lang='grc' dir='ltr'><strong><em>ΓΔ</em></strong></span> <span class='ocrx_word' id='word_1_148' title='bbox 1038 2071 1093 2137; x_wconf 80' lang='grc' dir='ltr'><strong><em>καὶ</em></strong></span> <span class='ocrx_word' id='word_1_149' title='bbox 1111 2075 1195 2138; x_wconf 76' lang='grc' dir='ltr'><strong><em>κάθ-</em></strong></span> 
     </span>
     <span class='ocr_line' id='line_1_18' title="bbox 183 2175 1195 2262; baseline 0.006 -24"><span class='ocrx_word' id='word_1_150' title='bbox 183 2198 251 2240; x_wconf 93' lang='grc' dir='ltr'><strong><em>ετοι</em></strong></span> <span class='ocrx_word' id='word_1_151' title='bbox 286 2178 323 2240; x_wconf 83' lang='grc' dir='ltr'><strong><em>αί</em></strong></span> <span class='ocrx_word' id='word_1_152' title='bbox 354 2181 435 2260; x_wconf 93' lang='grc' dir='ltr'><strong><em>ΑΒ,</em></strong></span> <span class='ocrx_word' id='word_1_153' title='bbox 459 2181 546 2260; x_wconf 92' lang='grc' dir='ltr'><strong><em>ΑΗ,</em></strong></span> <span class='ocrx_word' id='word_1_154' title='bbox 580 2175 636 2242; x_wconf 79' lang='grc' dir='ltr'><strong><em>καὶ</em></strong></span> <span class='ocrx_word' id='word_1_155' title='bbox 666 2177 915 2262; x_wconf 76' lang='grc' dir='ltr'><strong><em>ἐπεζεύχθωσαν</em></strong></span> <span class='ocrx_word' id='word_1_156' title='bbox 949 2181 986 2244; x_wconf 83' lang='grc' dir='ltr'><strong><em>αλ</em></strong></span> <span class='ocrx_word' id='word_1_157' title='bbox 1016 2183 1093 2262; x_wconf 89' lang='grc' dir='ltr'><strong><em>ΒΕ,</em></strong></span> <span class='ocrx_word' id='word_1_158' title='bbox 1117 2184 1195 2244; x_wconf 88' lang='grc' dir='ltr'><strong><em>ΒΗ.</em></strong></span> 
     </span>
     <span class='ocr_line' id='line_1_19' title="bbox 183 2281 1196 2369; baseline 0.005 -23"><span class='ocrx_word' id='word_1_159' title='bbox 183 2281 266 2364; x_wconf 90' lang='grc' dir='ltr'><strong><em>λέγω</em></strong></span> <span class='ocrx_word' id='word_1_160' title='bbox 291 2283 347 2366; x_wconf 77' lang='grc' dir='ltr'><strong><em>δή,</em></strong></span> <span class='ocrx_word' id='word_1_161' title='bbox 372 2284 422 2348; x_wconf 80' lang='grc' dir='ltr'><strong><em>ὅτι</em></strong></span> <span class='ocrx_word' id='word_1_162' title='bbox 445 2283 465 2366; x_wconf 82' lang='grc' dir='ltr'><em>ἡ</em></span> <span class='ocrx_word' id='word_1_163' title='bbox 485 2288 551 2348; x_wconf 87' lang='grc' dir='ltr'><strong><em>ΑΒ</em></strong></span> <span class='ocrx_word' id='word_1_164' title='bbox 576 2283 593 2348; x_wconf 87' lang='grc' dir='ltr'><strong>ὁ</strong></span> <span class='ocrx_word' id='word_1_165' title='bbox 617 2283 705 2361; x_wconf 92' lang='grc' dir='ltr'><strong><em>ἄξων</em></strong></span> <span class='ocrx_word' id='word_1_166' title='bbox 728 2285 876 2350; x_wconf 91' lang='grc' dir='ltr'><strong><em>ε’λάσσων</em></strong></span> <span class='ocrx_word' id='word_1_167' title='bbox 899 2283 969 2350; x_wconf 86' lang='grc' dir='ltr'><strong><em>ἐστὶ</em></strong></span> <span class='ocrx_word' id='word_1_168' title='bbox 991 2295 1049 2369; x_wconf 80' lang='grc' dir='ltr'><strong><em>τῆς</em></strong></span> <span class='ocrx_word' id='word_1_169' title='bbox 1069 2290 1138 2351; x_wconf 93' lang='grc' dir='ltr'><strong><em>ΒΔ</em></strong></span> <span class='ocrx_word' id='word_1_170' title='bbox 1162 2287 1196 2351; x_wconf 83' lang='grc' dir='ltr'><strong><em>ἐκ</em></strong></span> 
     </span>
     <span class='ocr_line' id='line_1_20' title="bbox 182 2387 413 2476; baseline 0.004 -23"><span class='ocrx_word' id='word_1_171' title='bbox 182 2398 242 2453; x_wconf 86' lang='grc' dir='ltr'><strong><em>τοῦ</em></strong></span> <span class='ocrx_word' id='word_1_172' title='bbox 265 2387 413 2476; x_wconf 86' lang='grc' dir='ltr'><strong><em>κέντρου.</em></strong></span> 
     </span>
    </p>

    <p class='ocr_par' dir='ltr' id='par_1_7' title="bbox 129 2494 1196 3009">
     <span class='ocr_line' id='line_1_21' title="bbox 129 2494 1196 2585; baseline 0.004 -25"><span class='ocrx_word' id='word_1_173' title='bbox 129 2511 163 2560; x_wconf 76' lang='lat'><strong><em>20</em></strong></span> <span class='ocrx_word' id='word_1_174' title='bbox 249 2494 318 2561; x_wconf 79' lang='grc' dir='ltr'><strong><em>ε’πελ</em></strong></span> <span class='ocrx_word' id='word_1_175' title='bbox 345 2497 383 2562; x_wconf 89' lang='grc' dir='ltr'><strong><em>τὸ</em></strong></span> <span class='ocrx_word' id='word_1_176' title='bbox 407 2502 508 2561; x_wconf 91' lang='grc' dir='ltr'><strong><em>ΑΕΖ</em></strong></span> <span class='ocrx_word' id='word_1_177' title='bbox 536 2501 702 2581; x_wconf 89' lang='grc' dir='ltr'><strong><em>τρίγωνον</em></strong></span> <span class='ocrx_word' id='word_1_178' title='bbox 730 2503 804 2562; x_wconf 75' lang='grc' dir='ltr'><strong><em>ἴσον</em></strong></span> <span class='ocrx_word' id='word_1_179' title='bbox 832 2496 900 2562; x_wconf 80' lang='grc' dir='ltr'><strong><em>ἐστὶ</em></strong></span> <span class='ocrx_word' id='word_1_180' title='bbox 927 2508 972 2585; x_wconf 77' lang='grc' dir='ltr'><strong><em>τῷ</em></strong></span> <span class='ocrx_word' id='word_1_181' title='bbox 997 2502 1110 2582; x_wconf 92' lang='grc' dir='ltr'><em>ΑΓΔ,</em></span> <span class='ocrx_word' id='word_1_182' title='bbox 1141 2498 1196 2564; x_wconf 83' lang='grc' dir='ltr'><strong><em>καὶ</em></strong></span> 
     </span>
     <span class='ocr_line' id='line_1_22' title="bbox 181 2603 1195 2690; baseline 0.004 -22"><span class='ocrx_word' id='word_1_183' title='bbox 181 2605 221 2667; x_wconf 85' lang='grc' dir='ltr'><strong><em>τά</em></strong></span> <span class='ocrx_word' id='word_1_184' title='bbox 245 2603 401 2669; x_wconf 77' lang='grc' dir='ltr'><strong><em>διπλάσια</em></strong></span> <span class='ocrx_word' id='word_1_185' title='bbox 425 2606 499 2690; x_wconf 92' lang='grc' dir='ltr'><strong><em>ἄρα,</em></strong></span> <span class='ocrx_word' id='word_1_186' title='bbox 523 2603 672 2668; x_wconf 89' lang='grc' dir='ltr'><strong><em>τουτέστι</em></strong></span> <span class='ocrx_word' id='word_1_187' title='bbox 694 2606 732 2668; x_wconf 89' lang='grc' dir='ltr'><strong><em>τὸ</em></strong></span> <span class='ocrx_word' id='word_1_188' title='bbox 754 2603 819 2669; x_wconf 84' lang='grc' dir='ltr'><strong><em>ὑπὸ</em></strong></span> <span class='ocrx_word' id='word_1_189' title='bbox 843 2617 910 2670; x_wconf 82' lang='grc' dir='ltr'><strong><em>τῶν</em></strong></span> <span class='ocrx_word' id='word_1_190' title='bbox 930 2609 1004 2688; x_wconf 90' lang='grc' dir='ltr'><strong><em>ΕΖ,</em></strong></span> <span class='ocrx_word' id='word_1_191' title='bbox 1023 2610 1096 2670; x_wconf 91' lang='grc' dir='ltr'><strong><em>ΗΑ</em></strong></span> <span class='ocrx_word' id='word_1_192' title='bbox 1120 2613 1195 2672; x_wconf 75' lang='grc' dir='ltr'><strong><em>ἴσον</em></strong></span> 
     </span>
     <span class='ocr_line' id='line_1_23' title="bbox 181 2708 1194 2798; baseline 0.003 -24"><span class='ocrx_word' id='word_1_193' title='bbox 181 2708 250 2775; x_wconf 79' lang='grc' dir='ltr'><strong><em>ἐστὶ</em></strong></span> <span class='ocrx_word' id='word_1_194' title='bbox 273 2720 318 2798; x_wconf 77' lang='grc' dir='ltr'><strong><em>τῷ</em></strong></span> <span class='ocrx_word' id='word_1_195' title='bbox 342 2711 408 2776; x_wconf 86' lang='grc' dir='ltr'><strong><em>ὑπὸ</em></strong></span> <span class='ocrx_word' id='word_1_196' title='bbox 428 2714 499 2796; x_wconf 90' lang='grc' dir='ltr'><strong><em>ΓΔ,</em></strong></span> <span class='ocrx_word' id='word_1_197' title='bbox 519 2716 598 2776; x_wconf 86' lang='grc' dir='ltr'><strong><em>ΒΑ·</em></strong></span> <span class='ocrx_word' id='word_1_198' title='bbox 622 2713 666 2788; x_wconf 87' lang='grc' dir='ltr'><strong><em>ὡς</em></strong></span> <span class='ocrx_word' id='word_1_199' title='bbox 689 2713 753 2797; x_wconf 91' lang='grc' dir='ltr'><strong><em>ἄρα</em></strong></span> <span class='ocrx_word' id='word_1_200' title='bbox 776 2711 796 2794; x_wconf 79' lang='grc' dir='ltr'><strong><em>ι]</em></strong></span> <span class='ocrx_word' id='word_1_201' title='bbox 816 2715 877 2776; x_wconf 90' lang='grc' dir='ltr'><strong><em>ΓΔ</em></strong></span> <span class='ocrx_word' id='word_1_202' title='bbox 899 2712 982 2797; x_wconf 88' lang='grc' dir='ltr'><strong><em>πρὸς</em></strong></span> <span class='ocrx_word' id='word_1_203' title='bbox 1001 2716 1074 2795; x_wconf 91' lang='grc' dir='ltr'><strong><em>ΕΖ,</em></strong></span> <span class='ocrx_word' id='word_1_204' title='bbox 1099 2735 1194 2778; x_wconf 89' lang='grc' dir='ltr'><strong><em>τουτ-</em></strong></span> 
     </span>
     <span class='ocr_line' id='line_1_24' title="bbox 182 2816 1195 2904; baseline 0.003 -23"><span class='ocrx_word' id='word_1_205' title='bbox 182 2817 272 2881; x_wconf 90' lang='grc' dir='ltr'><strong><em>έστιν</em></strong></span> <span class='ocrx_word' id='word_1_206' title='bbox 299 2816 319 2898; x_wconf 73' lang='grc' dir='ltr'><em>ἡ</em></span> <span class='ocrx_word' id='word_1_207' title='bbox 348 2820 409 2881; x_wconf 92' lang='grc' dir='ltr'><strong><em>ΓΒ</em></strong></span> <span class='ocrx_word' id='word_1_208' title='bbox 441 2819 524 2903; x_wconf 85' lang='grc' dir='ltr'><strong><em>πρὸς</em></strong></span> <span class='ocrx_word' id='word_1_209' title='bbox 551 2822 635 2900; x_wconf 90' lang='grc' dir='ltr'><strong><em>ΕΗ,</em></strong></span> <span class='ocrx_word' id='word_1_210' title='bbox 667 2816 838 2882; x_wconf 82' lang='grc' dir='ltr'><strong><em>τουτέστιν</em></strong></span> <span class='ocrx_word' id='word_1_211' title='bbox 864 2817 884 2900; x_wconf 76' lang='grc' dir='ltr'><em>ἡ</em></span> <span class='ocrx_word' id='word_1_212' title='bbox 909 2821 975 2882; x_wconf 90' lang='grc' dir='ltr'><strong><em>ΒΕ</em></strong></span> <span class='ocrx_word' id='word_1_213' title='bbox 1003 2820 1086 2904; x_wconf 88' lang='grc' dir='ltr'><strong><em>πρὸς</em></strong></span> <span class='ocrx_word' id='word_1_214' title='bbox 1114 2825 1195 2902; x_wconf 89' lang='grc' dir='ltr'><strong><em>ΕΗ,</em></strong></span> 
     </span>
     <span class='ocr_line' id='line_1_25' title="bbox 182 2920 1195 3009; baseline 0.004 -23"><span class='ocrx_word' id='word_1_215' title='bbox 182 2924 288 2997; x_wconf 80' lang='grc' dir='ltr'><strong><em>οὕτως</em></strong></span> <span class='ocrx_word' id='word_1_216' title='bbox 314 2923 334 3005; x_wconf 83' lang='grc' dir='ltr'><em>ἡ</em></span> <span class='ocrx_word' id='word_1_217' title='bbox 363 2926 436 2986; x_wconf 92' lang='lat' dir='ltr'><strong><em>HA</em></strong></span> <span class='ocrx_word' id='word_1_218' title='bbox 463 2925 545 3007; x_wconf 89' lang='grc' dir='ltr'><strong><em>πρὸς</em></strong></span> <span class='ocrx_word' id='word_1_219' title='bbox 573 2929 648 2988; x_wconf 91' lang='lat' dir='ltr'><strong><em>AB.</em></strong></span> <span class='ocrx_word' id='word_1_220' title='bbox 704 2923 773 2988; x_wconf 78' lang='grc' dir='ltr'><strong><em>ἐπεὶ</em></strong></span> <span class='ocrx_word' id='word_1_221' title='bbox 800 2920 862 2990; x_wconf 86' lang='grc' dir='ltr'><strong><em>οὖν</em></strong></span> <span class='ocrx_word' id='word_1_222' title='bbox 890 2925 952 2989; x_wconf 75' lang='grc' dir='ltr'><strong><em>δύο</em></strong></span> <span class='ocrx_word' id='word_1_223' title='bbox 980 2928 1127 3009; x_wconf 89' lang='grc' dir='ltr'><strong><em>τρίγωνα</em></strong></span> <span class='ocrx_word' id='word_1_224' title='bbox 1155 2927 1195 2990; x_wconf 87' lang='grc' dir='ltr'><strong><em>τά</em></strong></span> 
     </span>
    </p>

    <p class='ocr_par' dir='ltr' id='par_1_8' title="bbox 130 3031 1194 3119">
     <span class='ocr_line' id='line_1_26' title="bbox 130 3031 1194 3119; baseline 0.005 -28"><span class='ocrx_word' id='word_1_225' title='bbox 130 3044 164 3092; x_wconf 76' lang='lat'><strong><em>25</em></strong></span> <span class='ocrx_word' id='word_1_226' title='bbox 184 3032 301 3110; x_wconf 90' lang='grc' dir='ltr'><em>ΒΕΗ,</em></span> <span class='ocrx_word' id='word_1_227' title='bbox 320 3031 426 3091; x_wconf 92' lang='lat' dir='ltr'><em>HAB</em></span> <span class='ocrx_word' id='word_1_228' title='bbox 450 3033 530 3112; x_wconf 91' lang='grc' dir='ltr'><strong><em>μιάν</em></strong></span> <span class='ocrx_word' id='word_1_229' title='bbox 553 3034 678 3111; x_wconf 88' lang='grc' dir='ltr'><strong><em>γωνίαν</em></strong></span> <span class='ocrx_word' id='word_1_230' title='bbox 705 3033 766 3114; x_wconf 83' lang='grc' dir='ltr'><strong><em>τὴν</em></strong></span> <span class='ocrx_word' id='word_1_231' title='bbox 789 3031 853 3096; x_wconf 87' lang='grc' dir='ltr'><strong><em>ὑπὸ</em></strong></span> <span class='ocrx_word' id='word_1_232' title='bbox 878 3035 980 3096; x_wconf 91' lang='grc' dir='ltr'><strong><em>ΕΗΒ</em></strong></span> <span class='ocrx_word' id='word_1_233' title='bbox 1004 3041 1064 3117; x_wconf 80' lang='grc' dir='ltr'><strong><em>μιᾷ</em></strong></span> <span class='ocrx_word' id='word_1_234' title='bbox 1088 3035 1194 3119; x_wconf 82' lang='grc' dir='ltr'><strong><em>γωνίᾳ</em></strong></span> 
     </span>
    </p>
   </div>
   <div class='ocr_carea' id='block_1_4' title="bbox 180 3156 1194 3646">
    <p class='ocr_par' dir='ltr' id='par_1_9' title="bbox 180 3156 1194 3646">
     <span class='ocr_line' id='line_1_27' title="bbox 252 3156 1194 3310; baseline 0.007 -37.534"><span class='ocrx_word' id='word_1_235' title='bbox 252 3156 467 3310; x_wconf 43' lang='grc' dir='ltr'><strong><em>[ἐκβάλωμεν]</em></strong></span> <span class='ocrx_word' id='word_1_236' title='bbox 488 3237 594 3310; x_wconf 78' lang='lat' dir='ltr'>ep‚u</span> <span class='ocrx_word' id='word_1_237' title='bbox 563 3219 737 3292; x_wconf 75' lang='grc' dir='ltr'><strong><em>ἐκβάλλωμεν</em></strong></span> <span class='ocrx_word' id='word_1_238' title='bbox 756 3223 811 3276; x_wconf 89' lang='lat' dir='ltr'><strong><em>Vv.</em></strong></span> <span class='ocrx_word' id='word_1_239' title='bbox 890 3228 914 3277; x_wconf 91' lang='lat'><strong><em>5.</em></strong></span> <span class='ocrx_word' id='word_1_240' title='bbox 934 3224 1036 3294; x_wconf 86' lang='grc' dir='ltr'><strong><em>ΑΗΔ]</em></strong></span> <span class='ocrx_word' id='word_1_241' title='bbox 1056 3241 1088 3291; x_wconf 88' lang='lat' dir='ltr'>p</span> <span class='ocrx_word' id='word_1_242' title='bbox 1112 3230 1194 3278; x_wconf 88' lang='grc' dir='ltr'><strong><em>ΑΒΔ</em></strong></span> 
     </span>
     <span class='ocr_line' id='line_1_28' title="bbox 180 3288 1194 3363; baseline 0.001 -15"><span class='ocrx_word' id='word_1_243' title='bbox 180 3295 233 3349; x_wconf 68' lang='lat' dir='ltr'><strong><em>VC.</em></strong></span> <span class='ocrx_word' id='word_1_244' title='bbox 290 3299 314 3347; x_wconf 85' lang='grc'><strong><em>6.</em></strong></span> <span class='ocrx_word' id='word_1_245' title='bbox 333 3289 480 3363; x_wconf 88' lang='grc' dir='ltr'><strong><em>τριγωνον]</em></strong></span> <span class='ocrx_word' id='word_1_246' title='bbox 500 3288 635 3362; x_wconf 80' lang='grc' dir='ltr'><strong><em>τρίγωνον</em></strong></span> <span class='ocrx_word' id='word_1_247' title='bbox 654 3293 684 3346; x_wconf 90' lang='grc' dir='ltr'><strong><em>τὸ</em></strong></span> <span class='ocrx_word' id='word_1_248' title='bbox 704 3291 851 3348; x_wconf 76' lang='grc' dir='ltr'><strong><em>διπλάσιον</em></strong></span> <span class='ocrx_word' id='word_1_249' title='bbox 870 3303 919 3348; x_wconf 82' lang='grc' dir='ltr'><strong><em>τοῦ</em></strong></span> <span class='ocrx_word' id='word_1_250' title='bbox 936 3298 1067 3362; x_wconf 85' lang='lat' dir='ltr'><em>AHAp.</em></span> <span class='ocrx_word' id='word_1_251' title='bbox 1124 3296 1194 3363; x_wconf 82' lang='grc' dir='ltr'><strong><em>πρὸς</em></strong></span> 
     </span>
     <span class='ocr_line' id='line_1_29' title="bbox 180 3316 1194 3506; baseline 0 -88"><span class='ocrx_word' id='word_1_252' title='bbox 180 3367 210 3419; x_wconf 89' lang='grc' dir='ltr'><strong><em>τὸ</em></strong></span> <span class='ocrx_word' id='word_1_253' title='bbox 231 3366 323 3435; x_wconf 85' lang='grc' dir='ltr'><strong><em>ΑΓΔ]</em></strong></span> <span class='ocrx_word' id='word_1_254' title='bbox 344 3379 428 3431; x_wconf 74' lang='lat' dir='ltr'>supra</span> <span class='ocrx_word' id='word_1_255' title='bbox 448 3379 497 3416; x_wconf 82' lang='lat' dir='ltr'>scr.</span> <span class='ocrx_word' id='word_1_256' title='bbox 517 3381 543 3431; x_wconf 90' lang='lat' dir='ltr'><strong><em>p.</em></strong></span> <span class='ocrx_word' id='word_1_257' title='bbox 631 3371 654 3418; x_wconf 92' lang='lat'><strong><em>7.</em></strong></span> <span class='ocrx_word' id='word_1_258' title='bbox 674 3363 744 3431; x_wconf 86' lang='grc' dir='ltr'><strong><em>πρός</em></strong></span> <span class='ocrx_word' id='word_1_259' title='bbox 758 3363 845 3436; x_wconf 60' lang='grc' dir='ltr'><strong><em>(πλέη</em></strong></span> <span class='ocrx_word' id='word_1_260' title='bbox 865 3381 918 3419; x_wconf 90' lang='lat' dir='ltr'><strong><em>om</em></strong></span> <span class='ocrx_word' id='word_1_261' title='bbox 938 3383 961 3420; x_wconf 88' lang='grc' dir='ltr'><strong><em>ο</em></strong></span> <span class='ocrx_word' id='word_1_262' title='bbox 1050 3371 1091 3420; x_wconf 80' lang='lat'><strong><em>12.</em></strong></span> <span class='ocrx_word' id='word_1_263' title='bbox 1061 3316 1194 3506; x_wconf 54' lang='grc' dir='ltr'><strong><em>ῆηῗρ,</em></strong></span> 
     </span>
     <span class='ocr_line' id='line_1_30' title="bbox 181 3432 1192 3522; baseline 0.001 -33"><span class='ocrx_word' id='word_1_264' title='bbox 181 3436 237 3489; x_wconf 87' lang='grc' dir='ltr'><strong><em>ἐστι</em></strong></span> <span class='ocrx_word' id='word_1_265' title='bbox 253 3436 306 3504; x_wconf 80' lang='lat' dir='ltr'><strong><em>Vc,</em></strong></span> <span class='ocrx_word' id='word_1_266' title='bbox 328 3433 393 3488; x_wconf 83' lang='grc' dir='ltr'><strong><em>έστω</em></strong></span> <span class='ocrx_word' id='word_1_267' title='bbox 412 3432 525 3522; x_wconf 81' lang='lat' dir='ltr'><strong><em>Halley.</em></strong></span> <span class='ocrx_word' id='word_1_268' title='bbox 596 3441 636 3488; x_wconf 85' lang='lat'><strong><em>13.</em></strong></span> <span class='ocrx_word' id='word_1_269' title='bbox 658 3433 789 3506; x_wconf 86' lang='grc' dir='ltr'><strong><em>ἐλάττων]</em></strong></span> <span class='ocrx_word' id='word_1_270' title='bbox 809 3435 972 3491; x_wconf 76' lang='grc' dir='ltr'><strong><em>ἐλάσσωνο</em></strong></span> <span class='ocrx_word' id='word_1_271' title='bbox 1045 3441 1137 3506; x_wconf 71' lang='grc' dir='ltr'><strong><em>τῆ(ςυ</em></strong></span> <span class='ocrx_word' id='word_1_272' title='bbox 1149 3438 1192 3507; x_wconf 76' lang='lat' dir='ltr'>t.)]</span> 
     </span>
     <span class='ocr_line' id='line_1_31' title="bbox 181 3438 1193 3594; baseline 0.002 -36"><span class='ocrx_word' id='word_1_273' title='bbox 181 3523 234 3559; x_wconf 90' lang='lat' dir='ltr'><strong><em>om.</em></strong></span> <span class='ocrx_word' id='word_1_274' title='bbox 255 3523 276 3560; x_wconf 87' lang='grc' dir='ltr'><strong><em>ο.</em></strong></span> <span class='ocrx_word' id='word_1_275' title='bbox 339 3511 379 3559; x_wconf 85' lang='grc'><strong><em>18.</em></strong></span> <span class='ocrx_word' id='word_1_276' title='bbox 400 3505 427 3594; x_wconf 82' lang='grc' dir='ltr'><strong><em>ὁ]</em></strong></span> <span class='ocrx_word' id='word_1_277' title='bbox 445 3501 585 3558; x_wconf 85' lang='grc' dir='ltr'><strong><em>τουτέστιν</em></strong></span> <span class='ocrx_word' id='word_1_278' title='bbox 605 3505 665 3572; x_wconf 82' lang='lat' dir='ltr'>5p.</span> <span class='ocrx_word' id='word_1_279' title='bbox 722 3505 923 3576; x_wconf 77' lang='grc' dir='ltr'><strong><em>ἐκ]τῆςέκμ</em></strong></span> <span class='ocrx_word' id='word_1_280' title='bbox 984 3513 1025 3561; x_wconf 81' lang='grc'><strong><em>20.</em></strong></span> <span class='ocrx_word' id='word_1_281' title='bbox 1046 3505 1119 3578; x_wconf 72' lang='grc' dir='ltr'><strong><em>ἐπεὶ]</em></strong></span> <span class='ocrx_word' id='word_1_282' title='bbox 1139 3438 1193 3576; x_wconf 63' lang='grc' dir='ltr'><strong><em>ἄν]</em></strong></span> 
     </span>
     <span class='ocr_line' id='line_1_32' title="bbox 181 3572 1192 3646; baseline 0.004 -18"><span class='ocrx_word' id='word_1_283' title='bbox 181 3575 241 3628; x_wconf 82' lang='grc' dir='ltr'><strong><em>ἐπεὶ</em></strong></span> <span class='ocrx_word' id='word_1_284' title='bbox 261 3572 356 3643; x_wconf 77' lang='grc' dir='ltr'><strong><em>οὖνμ.</em></strong></span> <span class='ocrx_word' id='word_1_285' title='bbox 413 3575 485 3646; x_wconf 84' lang='grc' dir='ltr'><strong><em>λσον]</em></strong></span> <span class='ocrx_word' id='word_1_286' title='bbox 504 3592 579 3643; x_wconf 76' lang='lat' dir='ltr'>vep3</span> <span class='ocrx_word' id='word_1_287' title='bbox 600 3591 652 3628; x_wconf 91' lang='lat' dir='ltr'><strong><em>om.</em></strong></span> <span class='ocrx_word' id='word_1_288' title='bbox 668 3575 701 3644; x_wconf 85' lang='lat'><strong><em>7,</em></strong></span> <span class='ocrx_word' id='word_1_289' title='bbox 720 3592 775 3643; x_wconf 82' lang='lat' dir='ltr'><strong><em>mg</em></strong></span> <span class='ocrx_word' id='word_1_290' title='bbox 795 3593 830 3631; x_wconf 88' lang='lat' dir='ltr'><strong><em>m.</em></strong></span> <span class='ocrx_word' id='word_1_291' title='bbox 853 3581 910 3630; x_wconf 69' lang='lat'><strong><em>17</em></strong></span> <span class='ocrx_word' id='word_1_292' title='bbox 893 3573 996 3632; x_wconf 83' lang='grc' dir='ltr'><strong><em>λῖσον.</em></strong></span> <span class='ocrx_word' id='word_1_293' title='bbox 1052 3584 1094 3632; x_wconf 79' lang='lat'><strong><em>21.</em></strong></span> <span class='ocrx_word' id='word_1_294' title='bbox 1112 3597 1192 3632; x_wconf 80' lang='grc' dir='ltr'><strong><em>τουτ-</em></strong></span> 
     </span>
    </p>
   </div>
   <div class='ocr_carea' id='block_1_5' title="bbox 0 0 1302 3878">
    <p class='ocr_par' dir='ltr' id='par_1_10' title="bbox 0 0 1302 3878">
     <span class='ocr_line' id='line_1_33' title="bbox 0 0 1302 3878; baseline 0 0"><span class='ocrx_word' id='word_1_295' title='bbox 0 0 1302 3878; x_wconf 95' lang='lat' dir='ltr'><strong><em> </em></strong></span> 
     </span>
    </p>
   </div>
  </div>
 </body>
</html>
