2604 3880
450 201 502 251 un
523 201 699 252 suerrouu
719 200 813 253 cour.
1072 197 1138 261 207

559 341 708 408 XXXVI.

165 519 167 524 ,
197 449 232 514 Si
259 451 294 516 in
321 471 403 518 cono
427 452 555 522 scaleno
578 473 636 537 per
658 450 814 515 uerticem
836 449 943 533 planis
967 449 1141 533 compluri-

128 561 190 622 bus
219 563 308 624 secto
339 558 375 622 in
401 559 535 624 basibus
562 557 726 643 parallelis
758 555 914 642 trianguli
947 556 1140 640 aequicrurii

127 665 169 730 ad
192 687 264 729 eam
286 669 413 749 partem
435 687 549 730 uersus
573 668 816 747 construuntur,
839 686 859 726 a
878 684 943 746 qua
962 661 1030 726 axis
1050 662 1141 727 recli-

126 777 224 836 natus
256 775 318 856 est,
350 773 534 858 triangulus
565 771 785 856 aequicrurius
817 791 874 854 per
902 791 996 833 axem
1024 769 1138 834 ductus

126 877 282 943 minimus
313 899 380 942 non
409 878 471 943 erit
499 878 644 942 omnium
673 877 949 962 aequicruriorum
977 880 1140 940 construc-

125 988 244 1071 ¹torum.

196 1091 240 1155 sit
268 1113 372 1180 conus¹
392 1091 553 1176 scalenus,
578 1091 671 1156 euius
696 1091 764 1154 axis
789 1090 832 1154 sit
856 1094 936 1174 ΑΒ,
959 1088 1155 1154 eommunis·

129 1201 238 1262 autem
262 1197 363 1262 sectio
386 1198 475 1282 plani
497 1221 556 1283 per
579 1219 671 1263 axem
695 1198 735 1260 ad
759 1196 914 1261 circulum
932 1193 1140 1281 perpendicu-

128 1303 207 1368 laris
240 1303 416 1388 circulique
448 1305 624 1369 diametrus
654 1307 765 1387 ΓΕΔ,
802 1308 835 1367 et
866 1307 1006 1378 [ΑΒΔ
1033 1299 1140 1365 minor

636 1411 680 1476 sit
711 1414 808 1476 recto.
869 1409 956 1493 dico,
992 1408 1137 1492 triangu-

497 1545 514 1598 χ
528 1470 561 1522 Α
635 1517 705 1581 lum
719 1517 958 1601 aequicrurium
973 1537 1032 1600 per
1046 1535 1139 1580 axem

637 1625 768 1689 ductum
788 1623 959 1688 minimum
982 1644 1049 1688 non
1068 1643 1138 1686 esse

535 1784 538 1792 .
636 1725 1139 1814 omniumaequicruriorum‚qui

512 1834 515 1842 ’
636 1842 867 1904 construantur
913 1837 1008 1900 bases
1052 1834 1139 1897 inter

635 1949 756 2030 puncta
781 1947 820 2028 Γ,
839 1947 867 2007 Β
890 1943 1057 2006 habentes.

703 2053 838 2118 dueatur
871 2049 957 2114 enim
989 2055 1021 2113 Α
1028 2049 1068 2132 Γ,
1105 2051 1138 2110 et

635 2161 670 2224 in
694 2159 859 2246 triangulo
887 2159 988 2226 ΑΒΓ
1010 2156 1050 2220 ad
1074 2157 1139 2218 ΓΛ

635 2265 908 2351 perpendicularis
920 2263 1136 2328 ducaturBE.
1178 2276 1185 2282 '

637 2378 669 2436 et
721 2373 874 2455 quoniam
928 2373 991 2434 ΓΕ
1006 2381 1040 2441 >
1062 2370 1137 2450 ΓΒ,

636 2485 717 2562 quae
752 2501 768 2542 e
806 2482 917 2542 centro
955 2477 1051 2538 ducta
1088 2477 1138 2537 est

636 2582 784 2668 [Eucl.l,
804 2582 874 2666 19],
898 2581 941 2644 sit
960 2583 1024 2644 ΕΖ
1045 2579 1136 2644 radio

638 2689 791 2773 aequalis,
814 2693 847 2752 et
865 2691 933 2752 rect
935 2709 971 2750 ae
919 2688 1048 2750 ΕΒ
1067 2709 1138 2770 par-

637 2796 732 2861 allela
741 2799 808 2860 ZH
804 2795 1020 2880 ducaturque
1030 2795 1142 2857 ΛΜΗ

127 2908 170 2968 et
184 2906 253 2966 rect
255 2923 291 2966 ae
311 2905 376 2966 ΖΕ
395 2901 552 2986 parallela
573 2906 613 2966 H
616 2902 1018 2988 &parallelogrammum
1036 2900 1138 2986 igitur

1 3073 2 3106 p
130 3013 263 3074 estle.
287 3031 384 3093 quare
401 3013 514 3073 ΖΕ
525 3010 597 3073 ΗΘ
611 3009 833 3094 [Ε110113,4];
851 3007 1137 3094 Hulrgrurradm

1 3129 2 3132 ’
128 3116 272 3200 aequalis
296 3120 352 3180 est.
389 3116 456 3180 iam
479 3131 601 3180 rursus
614 3117 649 3180 in
670 3117 767 3200 plano
791 3115 903 3180 circuli
927 3117 966 3179 ad
986 3117 1051 3179 ΓΔ
1068 3137 1137 3198 per·

128 3222 351 3308 pendiculares
389 3223 548 3287 ducantur
583 3225 661 3306 KB,
698 3225 734 3286 H
739 3226 770 3286 A
777 3271 786 3305 ,
824 3222 1025 3304 duceturque
1063 3224 1137 3284 BA.

1 3391 2 3430 ,
130 3330 283 3414 quoniam
305 3329 407 3416 igitur
431 3330 494 3394 duo
517 3328 673 3415 trianguli
696 3329 877 3414 reetanguli
897 3331 1014 3412 oHB,
1033 3329 1142 3391 ABH

129 3437 278 3520 aequales
305 3435 427 3499 habent
454 3435 591 3520 angulos
620 3439 742 3519 rectos,
772 3435 892 3500 circum
920 3433 1001 3498 alios
1030 3438 1137 3498 autem

1 3535 2 3552 *
128 3544 232 3608 latera
258 3541 528 3634 proportionalia,
556 3546 589 3606 et
616 3547 737 3628 cetera,
764 3564 845 3625 quae
872 3541 972 3606 habet
996 3540 1137 3624 protasis
