2594 3878
132 222 175 286 88
401 223 490 276 ΠΕΡΙ
506 221 721 274 ΚΤΛΙΝΔΡΟΤ
739 223 874 274 ΤΟΜΗΣ.

131 368 212 449 ΚΓ,
235 363 340 441 οὕτως
361 366 399 431 τὸ
423 364 486 431 ἀπὸ
509 373 567 450 τής
590 369 671 431 AM
688 363 865 452 διαμέτρου
888 373 946 449 τῆς
969 364 1145 442 ἐλλείψεως

131 472 214 558 πρὸς
236 472 274 536 τὸ
297 471 361 537 ἀπὸ
384 481 442 557 τής
464 475 627 556 συζυγοῦς
649 470 748 559 ἑαυτῇ
767 470 955 557 διαμέτρου,
978 473 1022 548 ὡς
1044 468 1082 536 δέ
1104 473 1144 537 τὸ

132 578 196 644 ἀπὸ
224 587 281 663 τῆς
307 583 376 644 ΑΘ
402 580 485 666 πρὸς
511 581 548 645 τὸ
575 579 641 644 ὑπὸ
668 590 735 644 τῶν
762 583 841 663 ΒΘ,
867 582 943 663 ΘΓ,
972 577 1078 656 οὕτως
1104 579 1144 642 τὸ
1275 603 1279 613 ·

133 685 196 751 ἀπὸ
223 693 282 769 τῆς
312 689 388 751 AN
415 684 593 774 διαμέτρου
620 695 678 770 τής
705 685 878 764 ἐλλείψεως
903 687 987 772 πρὸς
1013 687 1050 751 τὸ
1079 683 1144 750 ἀπὸ

97 801 190 876 οτής
221 795 384 874 συζυγοῦς
416 790 515 879 ἐαυτή
547 792 740 880 διαμέτρου,
772 791 827 858 καὶ
857 793 902 870 ὡς
928 794 992 879 ἀρα
1018 791 1039 876 ἡ
1068 795 1151 856 AM

133 897 306 986 διάμετρος
332 900 416 983 πρὸς
441 901 503 983 τήν
530 903 653 984 συζυγή
682 900 872 986 διάμετρον,
900 899 1006 976 οὕτως
1021 897 1048 981 ή
1071 902 1145 964 NA

133 1005 307 1093 διάμετρος
332 1007 415 1092 πρὸς
441 1007 503 1090 τήν
530 1010 653 1092 συζυγή
681 1007 866 1093 διάμετρον.
912 1007 949 1071 αί
971 1007 1036 1092 άρα
1058 1009 1146 1088 ΛΜ,

133 1116 208 1178 AN
222 1112 348 1197 ὁμοίων
366 1111 543 1191 ἐλλείψεών
561 1116 625 1179 είσι
643 1114 824 1200 διάμετροι·
849 1113 928 1198 ὅπερ
947 1113 1014 1177 ἐδει
1032 1109 1147 1189 δεῖξαι.

199 1217 262 1284 κάν
290 1216 401 1306 ἐτέρας
424 1217 460 1284 δὲ
483 1228 522 1304 τῇ
547 1224 619 1285 ΖΗ
636 1223 867 1308 παραλλήλους
889 1218 1076 1302 ἀγάγωμεν,
1099 1217 1148 1292 ὡς

80 1345 115 1394 10
133 1326 195 1408 τήν
218 1323 290 1408 ΞΟ,
313 1323 368 1390 καὶ
391 1325 455 1391 ἀπὸ
478 1336 546 1391 τῶν
565 1325 596 1400 Ξ
614 1325 670 1391 καλ
690 1332 719 1392 0
742 1324 795 1392 ἐπὶ
817 1327 854 1392 τὸ
873 1331 905 1390 Α
925 1323 1149 1404 ἐπιζεύξαντες

134 1430 322 1516 ἐκβάλωμεν
345 1429 398 1496 ἐπὶ
421 1433 482 1515 τήν
500 1437 580 1516 ΒΘ,
602 1431 658 1497 καλ
680 1444 751 1510 ταῖς
775 1431 1004 1517 ἐκβληθείσαις
1020 1435 1148 1517 παραλ-

133 1539 255 1620 λήλους
283 1536 458 1622 ἀγάγωμεν
485 1537 521 1602 ἐν
544 1548 589 1626 τῷ
613 1540 779 1626 τριγώνῳ,
803 1541 1022 1623 συστήσονται
1045 1536 1149 1602 πάλιν

133 1642 242 1729 ἕτεραι
269 1645 332 1708 δύο
359 1643 519 1722 ἐλλείψεις
547 1645 658 1730 ὅμοιαι
685 1645 856 1730 ἀλλήλαις,
883 1643 938 1710 καὶ
965 1652 1063 1709 τοῦτο
1092 1641 1146 1708 ἐπ’

134 1753 285 1836 ἄπειρον·
309 1751 388 1837 ὅπερ
412 1751 479 1816 ἔδει
502 1749 614 1830 δεῖξαι.

80 1965 114 2015 15
608 1972 671 2031 κη.

207 2061 274 2126 Τον
289 2057 433 2126 δοθέντα
450 2063 633 2148 κύλινδρον
651 2064 817 2147 σκαληνὸν
836 2061 857 2146 ή
874 2073 984 2128 κῶνον
1003 2061 1153 2126 δυνατόν

135 2166 226 2232 ἐστιν
253 2166 317 2233 ἀπὸ
344 2177 411 2232 τῶν
438 2167 676 2253 ἀντικειμένων
700 2181 809 2255 μερῶν
833 2169 1017 2256 ἀπειραχῶς
1038 2177 1151 2252 τεμεῖν

135 2271 234 2340 δυσὶν
258 2272 425 2350 ἐπιπέδοις
447 2273 502 2339 καὶ
524 2287 633 2341 ποιεῖν
656 2275 815 2355 ἐλλείψεις
837 2276 960 2361 ὁμοίας.

203 2382 285 2446 ἐστω
308 2391 442 2467 πρῶτον
465 2379 518 2446 ἐπὶ
537 2391 597 2448 τοῦ
615 2384 798 2468 κυλίνδρου
817 2381 931 2466 δεῖξαι,
949 2379 1004 2468 καὶΙ
1022 2383 1151 2446 κείσθω

82 2487 156 2571 2οή
180 2487 263 2572 αὐτή
286 2491 482 2574 καταγραφή
505 2499 544 2575 τή
562 2492 735 2577 πρότερον,
758 2487 814 2554 καλ
836 2499 876 2575 τῇ
894 2493 964 2554 ΑΔ
987 2494 1041 2571 ίση
1065 2490 1151 2553 ἔστω

135 2593 266 2678 ήΛΗ·
296 2601 350 2680 ίση
379 2596 443 2684 ἀρα
470 2595 490 2678 η
520 2600 584 2662 ΓΑ
610 2605 650 2682 τῇ
672 2599 749 2661 ΗΓ.
796 2593 865 2661 ἐπεὶ
892 2599 1008 2661 τοίνυν
1035 2594 1056 2678 ή
1083 2593 1151 2659 ἀπὸ

135 2709 196 2766 τοῦ
218 2707 252 2768 Α
275 2700 328 2767 ἐπὶ
351 2705 413 2787 τὴν
431 2706 492 2768 ΓΒ
516 2701 659 2789 ἀγομένη
683 2703 799 2769 εὐθεῖα
821 2705 940 2787 μείζων
963 2698 1053 2766 ἐστὶν
1076 2697 1152 2764 ἑκα-

135 2805 231 2893 τέρας
253 2818 321 2873 τῶν
339 2814 372 2873 Α
377 2811 419 2892 Γ,
439 2812 512 2874 ΓΗ
524 2808 580 2874 καὶ
602 2820 718 2875 πασῶν
736 2820 804 2875 τῶν
822 2809 885 2874 ἀπὸ
904 2816 964 2872 τοῦ
984 2811 1017 2872 Γ
1029 2804 1152 2891 μεταξὺ

135 2922 203 2978 τῶν
221 2917 267 2997 Η,
285 2919 319 2978 A
341 2917 485 2999 σημείων
507 2925 709 3000 πιπτουσῶν,
733 2917 846 3000 δήλου,
870 2915 923 2998 ὡς,
947 2913 1005 2980 ἐὰν
1029 2912 1064 2978 ἐκ
1081 2923 1153 2977 τῶν

83 3038 118 3088 25
137 3017 373 3104 ἀντικειμένων
394 3031 504 3108 μερῶν
527 3021 700 3107 ἀγάγωμεν
723 3022 785 3088 δύο
808 3023 941 3097 εὐθείας
960 3026 1033 3097 ίσας
1051 3018 1153 3101 ἀλλή-

136 3131 219 3209 λαις,
242 3125 263 3210 ή
286 3125 350 3192 ἀπὸ
373 3136 433 3192 τοῦ
452 3131 485 3194 Γ
499 3127 641 3213 ἀγομένη
659 3129 888 3216 ὑπερπεσεῑται
906 3127 943 3192 τὸ
962 3129 1006 3192 Η.
1038 3127 1152 3210 ήχθω-

209 3281 232 3330 1.
253 3273 410 3349 ἐλλείψεως]
430 3275 510 3351 ἐλλεί]
533 3295 555 3333 ο.
635 3283 660 3332 4.
679 3279 755 3350 AN]
774 3279 835 3332 AN
849 3276 931 3345 ch,
955 3291 1024 3330 corr.
1044 3273 1151 3330 Comm.

173 3357 197 3406 6.
218 3351 331 3422 συζυγή]
346 3350 447 3420 συζυγή
463 3347 547 3422 ἑαυτῇ
565 3368 592 3418 p.
650 3355 674 3404 7.
695 3350 807 3420 συζυγή]
823 3349 923 3417 συζυγῆ
938 3345 1023 3419 ἑαυτῇ
1041 3365 1068 3415 p.
1124 3349 1151 3400 8.

138 3439 206 3509 ὅπερ
221 3439 278 3495 ἔδει
292 3439 394 3511 δεῖξαι]
410 3454 463 3492 om.
473 3456 500 3529 μ,
557 3427 699 3564 ἔδει]ἐ””ο.
756 3443 796 3491 10.
812 3433 949 3507 καί(ε1ε,)]
961 3452 1013 3489 om.
1024 3453 1051 3504 p.
1107 3440 1151 3488 11.

138 3509 309 3582 ἐκβάλωμεν]
334 3528 384 3579 op,
413 3509 588 3580 έκβαλλωμεν
634 3553 639 3564 ,
739 3515 779 3564 1³.
805 3506 907 3578 ἕτεραι]
925 3525 958 3577 Ρ,
988 3505 1076 3574 ἕτεροι
1094 3505 1151 3560 Vc.

175 3588 216 3635 14.
237 3581 304 3650 ὅπερ
325 3581 382 3645 ἐδτιΙ
401 3581 502 3652 δεῖξαι]
522 3597 574 3634 om.
593 3598 620 3648 p.
694 3587 736 3636 15.
756 3579 816 3651 κη’]
835 3595 870 3638 κς
889 3595 943 3648 mg.
963 3595 999 3631 m.
1018 3592 1072 3632 rec.
1092 3576 1125 3632 V.
