2604 3880
158 218 222 281 218
472 220 560 269 ΠΕΡΙ
577 217 706 272 mor
724 219 860 272 ΤοΜΗΣ.

225 364 306 426 έστω
334 373 467 447 πρῶτον
494 361 646 426 ἑλίττων.
696 359 765 426 ἐπεὶ
792 357 855 427 οὖν
882 362 902 446 ἡ
929 367 960 425 A
967 364 994 424 Β
1024 360 1180 426 ἐλάσσων

159 466 228 533 έστὶ
255 477 313 552 τῆς
343 467 377 532 ἐκ
407 477 467 533 τοῦ
494 467 649 553 κέντρου,
678 467 875 554 ἐνηρμόσθω
905 473 958 551 ίση
987 478 1026 553 τῇ
1054 466 1090 532 έκ
1114 476 1179 532 τοῦ

159 574 298 661 κέντρου
322 575 342 659 ἡ
362 580 443 658 ΑΕ,
467 574 522 640 καὶ
545 576 602 640 διὰ
624 585 692 640 τῶν
716 579 744 639 Β
767 572 822 639 καὶ
841 580 873 639 Ε
890 579 1034 659 σημείων
1052 586 1092 661 τῇ
1114 579 1180 639 ΓΔ

158 683 241 766 πρὸς
267 680 373 766 ὀρθὰς
401 683 560 765 ἤχθωσαν
589 680 624 745 έν
647 691 692 769 τῷ
715 682 825 769 κύκλῳ
848 683 886 745 αί
906 686 987 764 ΕΖ,
1011 685 1095 765 ΒΗ,
1119 679 1179 746 καὶ

125 798 199 874 οτῇ
226 787 291 852 ὑπὸ
320 793 420 852 ΑΕΒ
450 794 504 872 ἴση
534 788 722 854 συνεστάτω
752 788 773 871 ἡ
802 787 867 852 ὑπὸ
895 792 958 852 ΕΒ
967 793 1009 872 Θ,
1037 786 1092 852 καὶ
1119 788 1176 853 έπ-

158 895 301 978 εζεύχθω
330 894 350 978 η
377 900 447 960 ΘΕ.
494 892 563 960 ἐπεὶ
590 891 653 960 οὖν
676 892 811 980 ἑκατέρα
834 905 901 959 τῶν
924 899 1005 980 ΑΕ,
1028 899 1095 960 ΒΘ
1119 901 1175 978 ἴση

159 1000 227 1068 ἐστὶ
257 1013 296 1090 τῇ
327 1002 362 1067 έκ
391 1010 451 1066 τοῦ
479 999 633 1088 κέντρου,
661 1003 755 1084 κοινὴ
784 998 821 1066 δὲ
850 999 870 1083 η
894 1006 975 1086 ΒΕ,
1003 999 1058 1066 καλ
1082 1024 1175 1087 περι-

159 1108 292 1194 έχουσιν
320 1116 392 1186 ίσας
420 1112 556 1192 γωνίας,
584 1107 640 1173 καὶ
666 1110 707 1172 τὰ
735 1108 833 1172 λοιπὰ
861 1109 926 1193 ἄρα
953 1121 1022 1185 τοῖς
1044 1114 1175 1186 λοιποῖς

161 1223 229 1280 λ’σα·
254 1218 350 1300 ὅμοια
374 1218 437 1302 ἄρα
460 1217 500 1280 τᾶ
523 1218 677 1300 τρίγωνα.
715 1215 759 1290 ὡς
782 1215 846 1300 ἄρα
869 1213 889 1297 ἡ
909 1219 976 1278 ΕΑ
998 1215 1080 1300 πρὸς
1099 1220 1174 1300 ΑΒ,

106 1331 139 1379 10
159 1324 264 1400 οὕτως
295 1324 315 1407 ἡ
343 1327 408 1387 ΒΘ
434 1323 517 1408 πρὸς
546 1327 617 1386 ΘΕ.
669 1319 738 1385 ἐπεὶ
766 1317 803 1386 δὲ
830 1323 948 1406 μείζων
976 1321 996 1404 ἡ
1026 1326 1090 1386 ΖΕ
1114 1332 1175 1406 τῆς

157 1435 236 1513 ΕΘ,
266 1437 334 1494 ίσαι
362 1426 398 1493 δὲ
426 1431 464 1493 αί
483 1432 566 1512 ΒΗ,
590 1433 669 1512 ΒΘ,
693 1428 713 1512 η
737 1429 801 1513 ἄρα
823 1432 889 1492 ΒΘ
911 1428 994 1511 πρὸς
1019 1431 1083 1493 ΘΕ
1104 1433 1175 1512 μεί-

159 1541 235 1615 ζονα
263 1539 364 1619 λόγον
391 1539 457 1619 ἔχει
483 1536 566 1621 ἤπερ
594 1535 614 1620 ἡ
642 1539 715 1599 ΒΗ
738 1535 821 1621 πρὸς
850 1539 920 1600 ΖΕ.
973 1533 1046 1600 ἄλλ’
1077 1536 1122 1612 ὡς
1152 1535 1174 1619 ἡ

158 1648 223 1707 ΒΘ
250 1644 332 1729 πρὸς
362 1647 440 1726 ΘΕ,
469 1642 574 1718 οὕτως
601 1642 622 1726 ἡ
649 1647 716 1707 ΕΑ
742 1643 826 1728 πρὸς
853 1646 932 1706 ΑΒ·
965 1642 985 1725 ἡ
1013 1643 1077 1728 ἄρα
1104 1648 1174 1706 ΕΑ

157 1751 240 1835 πρὸς
263 1754 328 1814 ΑΒ
357 1753 488 1834 μείζονα
516 1753 617 1833 λόγον
645 1752 710 1834 ἔχει
737 1751 819 1834 ἤπερ
847 1749 867 1832 ἡ
895 1752 969 1812 ΒΗ
990 1749 1073 1834 πρὸς
1098 1753 1172 1813 ΕΖ.

106 1864 138 1912 16
157 1858 194 1922 τὸ
223 1859 286 1943 ἄρα
309 1857 373 1923 ὑπὸ
397 1862 478 1941 ΑΕ,
501 1863 564 1922 ΕΖ
587 1859 697 1941 μεῖζόν
721 1856 789 1922 ἐστι
814 1864 874 1920 τοῦ
897 1855 962 1920 ὑπὸ
986 1860 1063 1938 ΑΒ,
1091 1859 1171 1940 ΒΗ,

157 1962 306 2028 τουτέστι
335 1965 371 2029 τὸ
400 1964 456 2028 διὰ
480 1973 537 2047 τῆς
560 1971 592 2028 A
598 1969 629 2028 E
651 1961 828 2047 ἰσοσκελές,
854 1958 895 2027 οὗ
917 1961 1014 2045 βᾶσις
1037 1959 1127 2026 ἐστὶν
1150 1961 1171 2044 ἡ
1294 1938 1296 1984 ³

157 2071 256 2152 διπλῆ
280 2079 339 2151 τῆς
361 2075 440 2153 ΕΖ,
463 2079 522 2134 τοῦ
547 2071 603 2134 διὰ
625 2079 685 2134 τοῦ
709 2069 824 2148 ἄξονος
848 2071 1039 2146 ι’σοσκελοῦς
1061 2071 1171 2152 μεῖζόν

158 2175 239 2239 ἐστι·
270 2177 307 2239 τὸ
340 2176 404 2262 ἄρα
435 2176 491 2239 διὰ
522 2184 582 2240 τοῦ
617 2174 735 2253 ἄξονος
767 2173 931 2252 ἰσοσκελές
963 2175 1003 2240 οὐ
1035 2175 1171 2240 τιᾶντωυ

157 2279 313 2365 μέγιστόν
341 2281 410 2346 ἐστι
437 2292 519 2367 τῶν,
547 2283 592 2359 ὡς
615 2288 756 2368 εἴρηται,
779 2280 1029 2366 συνισταμένων
1051 2283 1170 2368 τριγώ·

104 2397 138 2445 20
156 2413 234 2454 νων.
281 2388 415 2474 ἐδείχθη
439 2386 475 2454 δὲ
498 2389 534 2455 έν
557 2400 602 2478 τῷ
625 2399 807 2477 τριακοστῷ
830 2388 911 2477 ἕκτῳ
935 2392 1095 2473 καθόλου,
1119 2389 1167 2454 ὅτι

157 2493 235 2561 οὐδὲ
263 2495 448 2582 έλᾶχιστον·
477 2498 552 2562 οὔτε
578 2498 642 2584 ἄρα
665 2495 819 2581 μέγιστόν
842 2495 911 2560 έστι
934 2495 1069 2560 πάντων
1093 2496 1167 2561 οᾶτε

156 2603 337 2688 ἐλάχιστον.

630 2736 697 2796 μα.

221 2825 317 2892 Ἀλλᾶ
341 2828 381 2910 δὴ
406 2830 487 2893 ἔστω
511 2828 529 2893 ὁ
549 2833 615 2892 ΑΒ
633 2826 721 2905 ἄξων
741 2833 810 2902 λ’σος
829 2835 867 2911 τῇ
887 2825 922 2890 έκ
940 2834 999 2889 τοῦ
1018 2823 1165 2910 κέντρου.

103 2939 137 2988 25
222 2933 241 3015 ἡ
271 2935 311 3016 θη
339 2933 404 2998 ὑπὸ
428 2938 532 2998 ΑΒΔ
559 2939 664 3018 γωνία
692 2933 836 2999 έλᾶττων
859 2928 943 2998 οὖσα
965 2931 1072 3017 ὀρθῆς
1093 2933 1164 3014 ἤτοι

156 3039 299 3104 έλᾶττων
322 3037 413 3104 ἐστὶν
434 3037 585 3124 ἡμισείας
607 3041 713 3125 ὀρθῆς
735 3039 755 3123 ἢ
779 3041 829 3105 οὔ.

222 3149 303 3211 έστω
327 3150 488 3233 πρότερον
512 3149 573 3212 οὐκ
596 3146 739 3212 έλᾶττων
761 3144 924 3232 ἡμισείας,
949 3142 1005 3209 καὶ
1028 3145 1084 3209 διὰ
1108 3153 1165 3208 τοῦ

227 3346 250 3393 2.
271 3339 386 3422 ssu<p‚r·)]
406 3338 436 3393 ιι
454 3347 503 3408 της
521 3355 543 3392 c.
598 3345 623 3394 4.
644 3343 710 3408 ΕΖ,
730 3340 801 3410 BH]
822 3343 885 3406 ΗΒ,
905 3342 956 3392 Bz
974 3355 1000 3405 p.
1057 3337 1164 3459 Βιιρρ

155 3412 184 3463 et
201 3410 235 3479 V,
260 3412 309 3464 sed
327 3411 424 3465 httera
442 3414 464 3462 Β
482 3408 594 3463 macula
614 3411 776 3480 obscurata,
803 3411 857 3464 ΒΘ
876 3426 922 3464 ve.
995 3413 1019 3462 9.
1040 3406 1099 3478 ίσα]
1131 3423 1164 3458 σα

156 3505 225 3561 εἰσίν
248 3527 275 3575 p.
367 3513 408 3562 10.
432 3507 506 3560 Ante
524 3506 542 3575 ἡ
558 3506 629 3576 (αλλ.)
648 3507 712 3560 add.
732 3513 750 3574 η
774 3509 802 3560 et
820 3524 875 3575 mg.
901 3506 935 3575 ,ἡ
955 3507 983 3569 ιζ
1002 3513 1051 3574 τῆς
1069 3507 1107 3557 εθ
1125 3503 1164 3556 sic

155 3579 326 3645 apographf‘
349 3597 385 3632 m.
407 3595 460 3632 rec.
481 3577 513 3632 V.
607 3579 674 3648 ZE]
700 3581 757 3631 HE
780 3596 806 3646 p.
899 3583 939 3630 11.
969 3577 1039 3646 ΒΗ]
1064 3578 1114 3628 ΒΖ
1137 3592 1162 3642 p.
