2604 3880
461 215 511 264 ua
531 214 708 266 susumus
727 216 821 269 coru.
1079 215 1144 280 249

134 355 270 420 ducatur
282 356 416 440 planum
430 357 630 443 triangulum
642 361 747 422 ΘΑΚ
754 357 896 423 efficiens
912 360 1149 444 aequicrurium

134 469 167 547 et
195 465 235 529 sd
257 464 362 530 basim
384 464 681 550 perpendicularem
709 465 814 549 [prop.
838 463 946 551 XXH3
977 466 1068 531 Eucl.
1092 466 1147 551 XI,

135 571 200 656 18].
251 571 337 656 dieo,
368 594 451 651 esse,
479 576 516 636 ut
543 577 644 636 EAZ
671 572 831 636 maximus
858 593 984 658 sorum,
1013 573 1068 657 qui
1090 596 1149 658 per

133 699 226 743 axem
254 677 343 744 ducti
370 679 448 762 sint,
475 679 514 743 ad
539 682 641 743 ΓΑΔ
665 678 834 742 minimum
862 700 987 764 eorum,
1012 680 1068 762 qui
1090 702 1149 764 per

133 806 225 849 axem
249 785 338 850 ducti
361 786 440 870 sint,
465 785 514 849 ita
538 788 639 850 ΓΑΔ
662 785 702 849 ad
727 788 832 849 ΘΑΚ
852 785 1098 869 aequicruriunu

200 892 354 974 quoniam
387 891 473 957 enim
505 892 744 977 triangulorum
776 895 892 975 EAZ,
916 895 1019 956 ΓΑΔ
1050 895 1147 958 bases

133 998 283 1082 aequales
308 1003 384 1063 sunt
403 1002 477 1082 ΓΔ,
495 1003 560 1063 ΕΖ
579 998 738 1082 diametri,
761 999 899 1063 altitudo
919 1004 1027 1064 autem
1046 1005 1113 1064 EA
1119 1005 1146 1064 Z

131 1104 290 1190 trianguli
309 1103 388 1169 ‘BA
425 1103 529 1190 [prop.
553 1103 676 1189 XXII],
713 1109 820 1170 ΓΑΔ
849 1109 958 1170 autem
990 1105 1146 1192 trianguli

132 1215 215 1296 AH,
238 1211 299 1276 erit
318 1215 384 1275 BA
398 1233 406 1274 :
420 1214 497 1276 ΑΗ
509 1241 549 1262 =
564 1215 665 1275 ΕΑΖ
680 1235 687 1274 :
703 1214 806 1276 ΓΑΔ
825 1211 895 1296 [cfr.
915 1212 1006 1276 Euul.
1025 1210 1082 1296 VI,
1102 1212 1145 1297 l].

131 1341 244 1384 rursus
268 1318 422 1402 quoniam
444 1318 683 1404 triangulorum
707 1321 821 1400 ΓΑΔ,
843 1321 948 1382 ΘΑΚ
966 1319 1146 1384 eommunis

132 1425 271 1489 altitudo
305 1429 355 1489 est
385 1427 471 1510 ΑΗ,
504 1424 592 1490 basis
622 1428 731 1489 autem
762 1427 865 1489 ΓΑΔ
894 1425 1051 1511 trianguli
1082 1429 1146 1490 ΓΔ

132 1531 202 1596 siue
225 1536 301 1616 BZ,
327 1535 432 1596 ΘΑΚ
452 1535 561 1596 autem
583 1528 740 1617 trianguli
765 1535 844 1616 ΘΚ,
867 1532 929 1596 erit

262 1660 325 1720 ΕΖ
340 1680 347 1720 :
364 1659 432 1720 ΘΚ
445 1687 485 1708 =
501 1659 625 1720 PAA:
643 1658 748 1720 ΘΑΚ
769 1656 873 1740 [Euel.
892 1655 953 1742 VI,
974 1658 1016 1738 l].

132 1785 182 1845 est
209 1785 318 1845 autem
347 1783 571 1845 EzzaK=
588 1784 681 1863 {EZ
701 1803 708 1842 :
726 1783 1083 1866 tuK=BK2KH3
1113 1786 1147 1846 et

132 1889 219 1951 BK:
239 1889 315 1950 ΚΗ
326 1918 366 1939 =
382 1890 449 1952 BA
468 1910 475 1950 :
493 1889 571 1952 ΑΗ
595 1885 701 1970 [Euol.
720 1884 848 1971 V1,4];
879 1909 956 1950 nam
988 1887 1163 1974 trianguli,

4 2025 5 2034 ν
131 1993 313 2080 septanguli
350 1996 468 2077 ΒΗΚ,
497 1996 604 2057 BHA
635 1993 756 2058 similes
787 1997 863 2057 sunt
889 1993 994 2078 [Buul.
1013 1993 1076 2080 VI,
1096 1996 1145 2082 7];

133 2120 231 2182 quare
259 2098 358 2162 etiam
386 2100 510 2162 I'AA:
527 2101 633 2162 ΘΑΚ
645 2130 686 2150 =
702 2102 790 2162 BA:
807 2101 887 2164 AH.
938 2105 1008 2164 erat
1036 2106 1145 2166 autem

133 2205 231 2269 etiam
254 2208 354 2269 ΕΑΖ
369 2228 376 2268 :
392 2207 494 2269 ΓΑΔ
511 2236 546 2257 =
567 2209 633 2270 BA
647 2209 755 2290 :AH3
777 2227 856 2290 ergo

353 2333 475 2393 EAZ:
492 2331 594 2393 ΓΑΔ
609 2361 651 2382 =
667 2331 791 2393 FAA:
809 2333 926 2414 ΘΑΚ,

133 2452 220 2537 quod
243 2456 313 2515 erat
336 2451 630 2516 demonstrandum.

613 2642 665 2708 LI.

199 2769 324 2835 Rursus
358 2770 401 2833 sit
428 2773 528 2833 ΕΑΖ
547 2792 554 2832 :
575 2772 677 2834 ΓΑΔ
692 2801 731 2821 =
754 2771 856 2834 ΓΑΔ
875 2792 881 2832 :
903 2773 1013 2834 ΘΑΚ.
1063 2771 1145 2857 dieo,

133 2882 201 2942 BA
222 2876 313 2940 radio
336 2875 425 2941 basis
449 2875 616 2960 aequalem
639 2899 718 2941 esse.

132 3140 252 3209 ἀλλήλας
269 3158 296 3210 p.
375 3137 515 3195 τουτέστιν
536 3171 569 3180 -
589 3145 631 3196 14.
650 3140 720 3209 πρός
729 3142 803 3213 (pr.)]
827 3141 942 3196 sustulit
959 3141 1061 3198 lacuna
1075 3144 1105 3196 in
1119 3161 1142 3199 c.

169 3219 210 3266 14.
230 3211 300 3279 πρὸς
319 3215 381 3266 KH
397 3209 496 3282 οὕτως]
515 3210 591 3266 item.
652 3217 693 3266 15.
713 3214 816 3284 ΒΗΚ]
836 3229 851 3266 e
870 3230 939 3268 sorr.
953 3232 981 3282 p,
1000 3232 1054 3284 mg.
1073 3217 1141 3287 βην.

169 3289 210 3337 16.
231 3282 286 3351 ἄρα
306 3283 399 3354 ΓΑΔ]
419 3286 500 3337 ΓΑΔ
519 3281 575 3350 ἄρα
592 3301 619 3352 p.
692 3282 773 3355 πρός]
793 3283 848 3338 ἐστι
866 3285 936 3353 πρὸς
953 3284 985 3338 τό
1003 3303 1030 3354 p.
1099 3291 1141 3340 17.

132 3353 218 3425 ἐστιν]
238 3370 291 3407 om.
305 3371 333 3422 p.
411 3360 452 3409 18,
474 3355 574 3425 ΓΑΔ]
592 3353 623 3408 τὸ
645 3356 726 3410 ΓΑΔ
743 3373 770 3424 p.
842 3353 1031 3425 ὠνὴ-19.
1048 3359 1140 3429 ΓΑΔ]

133 3441 185 3479 om.
206 3441 229 3479 e.
303 3430 345 3478 18.
364 3426 435 3496 ΑΗ]
454 3424 506 3494 τὴν
524 3428 582 3480 AH
597 3443 623 3494 p.
700 3432 740 3480 19.
761 3424 828 3495 ὅπερ
847 3426 906 3480 tau
924 3427 1026 3498 δεῖξαι]
1045 3444 1098 3484 om.
1112 3446 1140 3498 p.

168 3502 210 3550 21.
230 3495 292 3566 να]
312 3495 434 3563 om.Vc‚
454 3496 507 3564 [ω’
524 3494 710 3568 ἀντίστροφον
728 3515 783 3567 mg.
798 3516 825 3567 p.
881 3503 922 3552 22.
943 3495 1040 3570 olivus]
1061 3497 1100 3552 sic
1113 3517 1140 3568 p.

168 3572 211 3622 23.
232 3567 331 3637 ΘΑΚ]
349 3567 380 3620 τὸ
401 3569 487 3622 ΘΑΚ
503 3586 530 3637 p.
