2594 3878
160 199 224 262 152
473 202 560 251 ΠΕΡΙ
578 200 707 253 mor
725 201 859 253 ΤοιιΗΣ.

159 353 309 428 κορυφῆς
340 343 480 420 κάθετος
512 342 565 409 ἐπὶ
596 345 633 409 τὸ
665 353 722 427 τῆς
750 344 877 428 βᾶσεως
905 343 1059 409 ἐπίπεδον
1087 347 1171 410 κατὰ

158 453 195 515 τὸ
214 455 254 533 E,
277 449 332 515 καὶ
355 450 537 534 ἐπεζεύχθω
561 451 581 534 ἡ
605 455 677 534 ΒΕ,
700 449 755 515 καὶ
778 452 1023 535 διεκβεβλήσθω
1047 453 1085 516 τὸ
1109 461 1171 516 τοῦ

159 561 263 621 ΑΒΕ
283 559 447 642 τριγώνου
467 557 622 622 ἐπίπεδον
641 566 760 622 ποιοῦν
779 557 816 622 ἐν
834 567 879 645 τῳ
898 559 993 646 κώνῳ
1012 559 1049 623 τὸ
1068 561 1171 622 ΑΓΔ

159 666 331 749 τρίγωνον.
387 662 529 747 λέγω,
519 663 568 727 ότι
595 665 632 728 τὸ
660 667 758 728 ΑΓΔ
789 665 872 750 πρὸς
898 663 1002 750 ὀρθᾶς
1029 663 1096 728 ἐστι
1129 674 1170 749 τῇ

125 779 141 827 5
160 770 254 853 βασει
276 779 335 834 τοῦ
358 771 478 834 κώνου.

227 876 295 942 ἐπεὶ
318 879 381 963 γὰρ
404 877 424 959 ἡ
448 881 517 940 ΑΕ
541 877 681 954 κᾶθετύς
704 876 794 942 ἐστιν
822 875 875 941 ἐπὶ
902 877 939 942 τὸ
963 886 1020 961 τῆς
1043 842 1171 959 βάσεως

160 983 199 1048 ἐπ
201 986 330 1068 ἄπεδον,
355 981 410 1048 καλ
433 983 539 1048 πᾶντα
562 985 626 1069 ἄρα
648 984 688 1047 τᾶ
712 984 768 1047 διὰ
790 993 847 1067 τῆς
870 988 938 1048 ΑΕ
959 983 1096 1048 ἐπίπεδα
1118 981 1171 1046 έκ-

160 1095 344 1176 βαλλόμενα
371 1092 454 1177 πρὸς
481 1089 586 1176 ὀρθῶς
609 1089 678 1155 ἐστι
705 1099 750 1178 τῳ
779 1099 837 1174 της
859 1090 985 1174 βᾶσεως
1013 1089 1170 1178 ἐπιπέδῳ·

159 1197 214 1264 καλ
242 1200 279 1264 τὸ
302 1201 402 1263 ΑΓΔ
429 1199 493 1284 ἄρα
519 1201 683 1283 τρίγωνον
710 1198 792 1283 πρὸς
819 1197 925 1284 ὀρθᾶς
948 1197 1017 1262 ἐστι
1043 1207 1088 1286 τῷ
1112 1207 1172 1282 τῆς

109 1313 143 1361 10
162 1306 288 1388 βάσεως
311 1303 466 1392 ἐπιπέδῳ·
491 1306 569 1390 ὅπερ
593 1305 659 1370 ἔδει
681 1313 823 1389 ποιῆσαι.

639 1498 693 1568 ις’.

226 1621 301 1688 Ἐδιν
319 1635 425 1700 κῶνος
443 1625 604 1707 σκαληνὸς
624 1625 679 1689 διᾶ
698 1634 757 1689 τοῦ
772 1623 888 1702 ἄξονος
902 1623 1042 1713 ἐπιπέδῳ
1058 1632 1171 1711 τμηθῇ

161 1730 243 1816 πρὸς
270 1729 376 1816 ὀρθὰς
407 1741 446 1816 τῇ
478 1731 586 1815 βᾶσει,
618 1733 655 1796 τὸ
683 1734 861 1816 γενόμενον
887 1735 1050 1818 τρίγωνον
1078 1735 1171 1797 ἔσται

162 1838 337 1920 σκαληνόν,
361 1833 401 1902 οὗ
424 1837 444 1920 ἡ
467 1834 527 1921 μὲν
550 1841 667 1921 μείζων
689 1839 815 1924 πλευμδι
837 1843 972 1922 μεγίστη
996 1843 1086 1904 ἔσται
1109 1861 1172 1903 πα-

110 1955 143 2003 15
163 1953 232 2007 σῶν
258 1953 325 2007 τῶν
348 1942 411 2008 ἀπὸ
438 1953 496 2026 τῆς
518 1953 667 2030 κορυφῆς
694 1954 753 2010 τοῦ
776 1946 885 2010 κώνου
917 1944 969 2010 ἐπὶ
996 1948 1057 2030 την
1079 1967 1172 2031 περι-

163 2049 300 2135 φέρειαν
321 2058 379 2133 τῆς
401 2049 526 2132 βᾶσεως
549 2048 720 2134 ἀγομένων
743 2051 899 2135 εὐθειῶν,
922 2050 942 2134 ἡ
967 2049 1003 2116 δὲ
1026 2052 1172 2116 έλᾶττων

162 2158 288 2240 πλευρὰ
308 2155 457 2238 ἐλαχίστη
476 2165 591 2219 πασῶν
609 2166 676 2221 τῶν
690 2156 811 2240 ὁμοίως
829 2155 1000 2242 ἀγομένων
1018 2159 1173 2242 εὐθειῶν,

163 2275 230 2329 τῶν
254 2259 290 2327 δέ
313 2263 423 2326 ἄλλων
445 2260 587 2325 εὐθειῶν
609 2260 629 2344 ἡ
653 2272 692 2347 τῇ
715 2266 849 2348 μεγίστη
872 2266 984 2346 ἔγγιον
1006 2274 1064 2348 τῆς
1082 2264 1172 2329 ἄπώ·

163 2373 259 2457 τερόν
283 2369 350 2435 έστι
373 2371 498 2452 μείζων.

109 2487 144 2536 20
230 2479 311 2542 ἔστω
335 2487 440 2551 κῶνος
462 2477 633 2558 σκαληνός,
656 2471 696 2540 οὗ
719 2478 849 2560 κορυῳη
872 2473 932 2561 μὲν
954 2477 991 2542 τὸ
1010 2483 1051 2561 A,
1074 2478 1174 2560 βάσις

164 2581 201 2650 δὲ
228 2583 246 2650 ὁ
275 2587 375 2648 ΓΕΔ
401 2583 535 2666 κύκλος,
567 2581 654 2660 ἄξων
682 2579 719 2646 δὲ
746 2582 763 2648 ὁ
791 2587 871 2666 ΑΒ,
903 2593 963 2648 τοῦ
995 2581 1032 2649 δὲ
1058 2586 1172 2650 κώνου

165 2689 347 2775 τμηθέντος
370 2691 425 2754 διᾶ
447 2698 507 2754 τοῦ
527 2687 642 2767 ἄξονος
659 2689 742 2774 πρὸς
760 2688 865 2774 ὀμθᾶς
883 2699 928 2778 τῶ
945 2694 1044 2755 ΓΕΔ
1061 2693 1172 2780 κύκλῳ

163 2800 200 2864 τὸ
224 2800 402 2880 γενόμενον
424 2799 588 2881 τρίγωνον
611 2799 692 2860 ἔστω
715 2797 752 2860 τὸ
771 2799 881 2880 ΛΓΔ,
903 2796 1110 2882 προσνευέτω
1135 2797 1173 2864 δὲ

164 2903 182 2968 ὁ
210 2901 297 2980 ἄξων
325 2900 377 2966 έπὶ
404 2903 441 2966 τὸ
469 2907 501 2965 Δ
533 2900 638 2988 μέρος.
692 2901 761 2967 ἐπεὶ
789 2898 851 2968 οὖν
882 2909 1047 2987 σκαληνοῦ
1075 2906 1173 2982 ὄντος

113 3021 146 3070 25
166 3018 226 3074 τοῦ
253 3009 362 3072 κώνου
395 3008 456 3072 οᾶκ
484 3006 574 3072 ἐστιν
605 3007 625 3090 ἡ
653 3013 717 3072 ΑΒ
749 3010 832 3095 πρὸς
864 3009 969 3095 ὀρθὰς
1000 3020 1045 3098 τῷ
1075 3015 1175 3076 ΓΔΕ

237 3207 260 3256 2
281 3200 365 3324 BE]g
370 3203 426 3252 ΒΓ
440 3199 493 3267 Vc
514 3202 602 3268 EBp
604 3216 698 3270 ‚.00rr
717 3200 819 3270 Halley
839 3203 882 3271 (eb
901 3201 1023 3272 Comm)
1096 3205 1172 3258 διει-

165 3269 382 3346 βεβλησθω]έκ
366 3218 610 3360 κβεβλήσᾶῳῳ.Ρ
669 3277 693 3324 3.
720 3274 817 3359 ΑΒΕ]
845 3276 931 3327 ΑΗΕ
953 3274 1011 3342 Vc
1027 3277 1170 3364 ΑΕΒΡ,

165 3362 233 3398 corr.
254 3344 357 3398 Comm
431 3347 454 3394 9.
474 3361 569 3395 και-
585 3347 626 3396 10
647 3341 780 3416 ἐπιπέδῳ]
802 3343 844 3397 bis
862 3344 895 3398 V.
965 3350 1005 3399 10.
1026 3343 1093 3413 οπερ
1114 3345 1172 3400 ἔδει

165 3416 292 3486 ποιῆσαι]
312 3431 364 3468 om.
384 3431 410 3482 p.
471 3418 512 3466 18
532 3413 728 3484 ἄπώτερον]ῳ,
748 3399 952 3483 ἄπότερονᾶο.
1012 3423 1053 3470 22
1076 3418 1171 3488 ΓΕΔ]

165 3491 249 3540 ΑΕΔ
268 3503 335 3539 corr.
356 3501 388 3538 ex
407 3487 493 3537 ΑΕΓ
512 3501 548 3538 m
569 3489 625 3538 lc.
704 3491 745 3538 23.
765 3483 949 3558 προσνευέιω]
968 3486 1054 3542 bisc.
1129 3494 1172 3541 25.

168 3558 262 3627 ΓΔΕ]
283 3560 410 3626 PEAp
