2594 3878
152 189 218 253 104
422 191 510 241 ΠΕΡΙ
527 190 742 242 ΚΤΛΙΝΔΡΟΤ
760 191 895 242 ΤΟΜΗΣ.

150 337 209 398 καί
234 331 325 398 ἐστιν
353 339 406 417 ίση
435 333 455 417 ἡ
479 338 542 398 ΕΖ
565 343 604 420 τῇ
627 337 712 398 ΗΘ·
741 339 795 416 ίση
818 335 882 418 ἄρα
903 329 959 396 καὶ
981 329 1002 413 η
1026 335 1107 394 ΛΜ
1125 342 1167 418 τῇ

150 438 229 512 ΝΞ.
276 436 340 505 είσλ
368 436 405 504 δὲ
427 436 483 504 καί
506 440 723 526 παράλληλοι·
747 439 955 526 παράλληλος
978 439 1041 523 ίίρα
1063 435 1121 502 καὶ
1144 437 1166 520 ἡ

150 545 226 618 ΜΞ
245 546 361 610 εὐθεῖα
383 554 423 632 τη
447 550 525 610 AN.

216 649 292 717 Ἐὰν
325 653 366 736 δη
395 653 433 717 τὸ
460 649 521 737 μὲν
548 656 584 716 Κ
610 662 746 737 σημείου
774 651 982 735 ὑποθώμεθα
1012 644 1097 715 εἶναι
1127 651 1166 715 τὸ
1290 639 1292 702 3

115 771 131 818 5
151 761 305 842 φωτίζον,
323 759 360 824 τὸ
379 755 416 823 δὲ
435 764 467 822 Α
473 761 505 822 Γ
518 761 860 845 παραλληλόγραμμον
878 758 915 822 τὸ
935 757 1167 842 ἐπιπροσθοῦν

150 876 222 941 ταῖς
252 864 396 948 ἀκτῖσιν,
426 871 491 930 είτε
517 863 596 930 καθ’
629 865 710 930 αὑτὸ
740 871 790 948 είη
821 870 885 929 είτε
917 863 953 928 ἐν
984 864 1166 952 κυλίνδρῳ,
1292 893 1293 952 ρ

150 974 351 1056 συμβήσεται
374 972 432 1050 τὰς
454 971 518 1036 ἀπὸ
542 981 602 1036 τοῦ
625 975 653 1036 Κ
671 975 870 1056 φωτίζοντος
892 969 1026 1047 ἀκτῖνας
1050 969 1165 1054 ἐκβαλ-

149 1077 291 1163 λομένας
317 1079 486 1164 ὁρίζεσθαι
511 1089 551 1164 τῇ
574 1101 608 1142 τε
631 1083 707 1143 ΜΛ
729 1075 784 1143 καὶ
806 1086 846 1162 τῇ
869 1076 939 1150 ΝΞ
959 1076 1085 1163 εὐθείᾳ,
1108 1074 1165 1140 καὶ

149 1186 186 1250 τὸ
201 1183 321 1270 μεταξὺ
334 1197 402 1250 τῶν
416 1188 501 1269 ΜΛ,
516 1184 588 1258 ΞΝ
597 1187 817 1271 παραλλήλων
831 1181 1045 1267 έσκιασμένον
1063 1185 1166 1247 ἔσται.
1293 1259 1294 1274 ρ

98 1303 132 1352 10
218 1291 269 1356 ὅτι
297 1287 359 1375 μὲν
386 1287 448 1357 οὖν
470 1290 680 1378 παράλληλος
701 1288 756 1355 καὶ
778 1289 798 1372 ἡ
823 1295 893 1354 AA
916 1299 955 1374 τῇ
979 1291 1041 1353 ΓΒ
1064 1287 1119 1353 καὶ
1143 1288 1164 1372 ἡ

148 1401 221 1462 NA
244 1406 284 1482 τη
308 1395 393 1479 ΞΜ,
417 1395 593 1461 δέδεικται·
621 1397 662 1460 οὐ
685 1397 751 1480 μὴν
773 1393 828 1460 καὶ
851 1395 938 1460 οὕτω
962 1404 1165 1479 φανοῦνται·

148 1514 216 1568 τών
239 1503 302 1588 γὰρ
321 1507 410 1585 ΛΜ,
429 1502 501 1576 ΝΞ
520 1504 724 1567 διαστάσεων
742 1502 762 1585 η
782 1502 958 1588 ἐγγύτερον
980 1511 1038 1586 τῆς
1056 1504 1166 1579 ὄψεως

148 1612 267 1693 μείζων
290 1611 456 1693 φαίνεται·
486 1618 589 1673 ταῦτα
613 1604 650 1672 δὲ
672 1610 920 1694 παρειλήφαμεν
944 1608 979 1673 ἐκ
1001 1619 1069 1672 τῶν
1090 1606 1165 1673 ’οπ-

148 1725 258 1780 τικών.

96 1833 129 1882 15
213 1819 344 1904 Ἐπειδὴ
372 1818 409 1885 δὲ
436 1823 676 1908 παρακείμενόν
701 1819 769 1886 ἐστι
792 1818 847 1885 καὶ
870 1819 945 1907 περὶ
967 1829 1027 1885 τοῦ
1050 1823 1165 1886 κώνου

148 1935 318 2016 θεωρῆσαι
346 1929 383 1992 τὸ
407 1927 522 2013 ὅμοιον
546 1927 602 1992 διδ
624 1928 662 1992 τὸ
685 1927 799 1992 κοινὸν
823 1921 992 2011 εἶναιτὴν
1016 1930 1166 2005 ἔλλειψιν

148 2043 209 2098 τοῦ
233 2057 267 2098 τε
284 2035 395 2099 κώνου
413 2032 469 2098 καὶ
487 2042 547 2098 τοῦ
566 2034 760 2119 κυλίνδρου,
778 2035 929 2098 ἔσκεπται
952 2030 989 2097 δὲ
1007 2031 1082 2119 περὶ
1101 2043 1165 2098 τοῦ

147 2141 345 2226 κυλίνδρου,
369 2138 450 2225 φέρε
472 2137 527 2203 καὶ
550 2137 625 2225 περὶ
648 2148 708 2204 τοῦ
730 2139 841 2204 κώνου
865 2140 1071 2224 σκεψώμεθα.

622 2331 685 2397 λα’.

1285 41 1291 218 1

1285 309 1292 566 ί

1294 1741 1296 1894 ι

95 2471 130 2520 20
213 2457 290 2524 Ἐὰν
308 2459 474 2546 τριγώνου
493 2463 608 2544 ληφθῇ
628 2469 763 2542 σημεῖον
782 2457 883 2542 έκτός,
906 2457 961 2523 καὶ
980 2457 1036 2523 ἀπ’
1057 2459 1168 2525 αὐτοῦ
1296 2538 1297 2541 ¹

149 2565 237 2652 ἀχθῇ
265 2589 315 2642 τις
342 2565 457 2631 εὐθεῖα
484 2564 648 2650 τέμνουσα
676 2566 712 2628 τὸ
740 2568 919 2650 τρίγωνον,
947 2565 1011 2630 ἀπὸ
1040 2562 1076 2630 δὲ
1104 2576 1167 2650 τῆς

147 2681 298 2757 κορυφῆς
316 2671 369 2738 ἐπὶ
387 2675 449 2757 την
466 2673 566 2756 βάσιν
585 2671 673 2756 ἀχθῇ
692 2695 742 2747 τις
760 2668 853 2758 ἑτέρα
867 2671 983 2736 εὐθεῖα
996 2671 1168 2756 τέμνουσα

147 2780 208 2862 την
232 2777 412 2863 διηγμένην
435 2779 555 2863 οὕτως,
578 2779 661 2843 ὥστε
684 2780 784 2861 ἔχειν,
807 2777 853 2854 ὡς
875 2778 934 2861 ὅλη
958 2779 978 2862 ἡ
1002 2779 1166 2865 διηγμένη

147 2885 230 2968 πρὸς
257 2884 318 2966 τὴν
342 2882 432 2960 ἐκτὸς
455 2892 515 2948 τοῦ
538 2885 719 2970 τριγώνου,
746 2883 852 2959 οὕτως
874 2893 931 2968 τῆς
955 2884 1048 2962 ἐντὸς
1071 2885 1167 2952 ἀπει-

95 2998 130 3048 25
149 2988 314 3073 λημμένης
340 2991 377 3053 τὸ
405 2993 515 3074 μειῖον
541 2999 651 3074 τμῆμα
672 2990 755 3075 πρὸς
777 2991 814 3054 τὸ
838 2994 978 3056 ἔλασσον
1000 2990 1167 3078 καὶπρὸς

148 3104 194 3183 τῷ
227 3093 318 3170 ἐκτὸς
350 3103 409 3158 τοῦ
442 3097 608 3180 τριγώνου
639 3099 805 3180 κείμενον,
836 3097 908 3180 ἣτις
938 3096 980 3163 δν
1009 3097 1072 3164 ἀπὸ
1101 3109 1166 3178 τοῦ

147 3199 337 3285 ληφθέντος
364 3204 500 3286 σημείου
526 3201 614 3287 ἀχθῇ
638 3202 754 3267 εὐθεῖα
785 3201 950 3288 τέμνουσα
977 3206 1015 3270 τὸ
1043 3209 1166 3292 τρίγω-

146 3331 222 3393 νον,
249 3305 415 3390 ίνώλογον
442 3310 533 3373 ἔσται
560 3307 740 3392 τετμημένη
762 3308 827 3374 ὑπὸ
850 3319 909 3394 τῆς
930 3309 1074 3396 ἠγμένης
1097 3312 1166 3379 ἀπὸ

217 3469 242 3517 4.
263 3459 349 3536 εἶναι]
367 3481 419 3533 vc,
438 3484 482 3518 -ν-
501 3479 581 3518 ουειο.
596 3465 629 3520 V.
698 3469 722 3519 8.
743 3467 822 3589 MAI}
841 3469 896 3520 NA
914 3467 1024 3537 Halley.
1084 3471 1164 3542 ΝΞ]

147 3536 212 3592 ΜΞ
227 3533 337 3603 ΗειΠογ.
411 3540 435 3589 9.
456 3539 525 3604 MA,
540 3537 617 3606 ΞΝ]
637 3537 700 3604 NA,
716 3539 780 3596 ΜΞ
823 3535 898 3607 alley
916 3538 1018 3609 (male).
1088 3540 1166 3596 ἐσκι-
