2604 3880
180 174 244 238 258
489 174 577 226 112121
595 172 726 226 mor
743 173 879 224 Tomm

179 323 294 382 ΒΔΕ·
305 314 946 401 συναμφοτέροςῖίραηὑτὸΒΔΕ,ΒΔΑ
952 313 1197 403 συναμφοτέρῳ

178 434 218 509 τῇ
236 422 302 488 ὑπὸ
317 427 434 506 ΒΔΕ,
448 425 556 488 ΒΑΓ
570 422 661 488 ἐστιν
680 428 743 506 ἴση.
780 426 839 486 καί
855 420 924 486 ἐστι
942 425 1197 508 συναμφότερος

177 528 198 612 ἡ
225 528 291 594 ὑπὸ
318 533 436 613 ΒΔΕ,
464 533 569 594 ΒΔΑ
597 527 697 594 δυσὶν
728 527 848 613 ὀρθαῖς
876 534 945 612 ἴση·
981 527 1036 592 καῖ
1067 546 1194 613 συναμ-

179 638 321 721 φότερος
348 637 412 722 όίρα
434 634 455 718 ἡ
477 635 543 700 ὑπὸ
567 639 684 718 ΒΔΕ,
712 638 816 699 ΒΑΓ
835 632 935 700 θυσῖν
958 634 1078 721 όρθαῖς
1101 635 1195 701 ἐστιν

139 747 242 825 σῖση.
287 745 356 807 ἔστι
384 739 421 808 δὲ
447 739 503 807 καὶ
530 745 781 826 συναμφότερος
808 741 828 824 ἡ
857 741 922 806 ὑτιὸ
947 744 1061 824 ΒΔΓ,
1089 745 1199 806 ΒΑΓ

176 847 276 914 θυσῖν
309 848 429 934 ὀρθαῖς
461 854 529 932 ἴση·
562 850 813 933 συναμφότερος
840 849 904 934 ἄρα
931 846 952 930 ἡ
979 848 1044 913 ὑπὸ
1073 853 1191 932 ΒΔΕ,

175 959 281 1021 ΒΑΓ
309 952 548 1042 συναμφοτέρῳ
582 964 620 1039 τῇ
652 954 718 1020 ὑπὸ
747 957 861 1038 ΒΔΓ,
894 957 999 1020 ΒΑΓ
1026 960 1079 1037 ἴση
1111 955 1192 1020 ἐστί.

173 1071 289 1146 κοινῆς
311 1062 471 1148 ἀρθείσης
494 1071 552 1145 τῆς
574 1061 639 1126 ὑπὸ
659 1063 764 1126 ΒΑΓ
783 1063 880 1144 λοιπὴ
904 1060 924 1144 η
945 1061 1011 1126 ὑπὸ
1030 1065 1134 1126 ΒΔΕ
1150 1071 1191 1147 τῇ

174 1169 239 1234 ὑιιὸ
259 1173 366 1234 ΒΔΓ
384 1175 438 1252 ἴση
462 1167 560 1234 ἐστίν.
598 1166 668 1234 ἐπεὶ
691 1163 754 1233 οὖν
773 1173 827 1250 ἴση
846 1165 906 1252 μὲν
925 1167 945 1251 ἡ
965 1171 1032 1233 ΓΔ
1049 1179 1088 1254 τῇ
1107 1174 1192 1252 ΔΕ,

123 1287 157 1336 10
176 1277 271 1360 κοινὴ
296 1273 332 1340 δὲ
355 1275 376 1359 ἡ
396 1280 479 1359 ΒΔ,
501 1273 557 1340 καὶ
580 1272 656 1360 ιιερῖ
680 1280 753 1351 ἴσας
775 1278 909 1357 γωνίας,
931 1272 988 1340 καὶ
1009 1275 1106 1358 βάσις
1125 1277 1190 1361 ἄρα

174 1381 194 1464 η
215 1385 277 1446 ΓΒ
300 1390 340 1466 τῇ
359 1385 426 1446 ΒΕ
447 1380 537 1446 ἐστιν
560 1387 624 1464 ἴση.
660 1379 715 1445 ιιαῖ
735 1379 804 1446 ἐπεὶ
823 1383 860 1445 αἴ
876 1385 957 1463 ΑΒ,
976 1385 1042 1445 ΒΕ
1058 1382 1190 1446 εὐθεῖαι

174 1487 320 1571 μείζονές
343 1489 407 1552 εἴσι
430 1496 488 1571 τῆς
505 1493 587 1570 ΑΕ,
611 1486 694 1552 ἄλλα
712 1499 784 1564 ταῖς
801 1485 861 1572 μὲν
880 1493 912 1552 Α
918 1491 961 1571 Β,
981 1491 1046 1552 ΒΕ
1063 1505 1188 1574 συναμ-

173 1596 314 1678 φότερος
340 1594 361 1678 η
389 1597 571 1678 ΑΒΓιῖση
603 1593 686 1678 ἐστί,
714 1603 754 1679 τῇ
782 1591 819 1658 δὲ
841 1599 911 1660 ΑΕ
936 1597 1189 1680 συναμφότερος

172 1698 192 1782 ἡ
216 1704 327 1766 ΑΔΓ
345 1706 399 1784 ἴση
423 1699 503 1783 ἐστί,
525 1698 581 1766 ιιαῖ
603 1703 853 1786 συναμφότερος
875 1702 940 1787 ίίρα
961 1700 982 1784 ἡ
1006 1705 1112 1767 ΑΒΓ
1129 1712 1187 1786 τῆς

118 1819 151 1866 15
170 1809 282 1872 ΑΔΓ
307 1811 426 1891 μείζων
458 1806 557 1873 ἐστίν.
612 1807 734 1892 ὁμοίως
766 1803 802 1872 δὲ
835 1809 1003 1873 δείκνυται
1034 1806 1090 1873 ιιαῖ
1119 1819 1188 1874 τῶν

171 1914 283 1978 ἄλλων
319 1917 446 1998 μείζων.
503 1917 754 1999 συναμφότερος
790 1916 854 2000 ίίρα
885 1913 905 1997 ἡ
938 1917 1043 1980 ΑΒΓ
1069 1927 1186 1981 ττασθν

171 2030 238 2084 τῶν
262 2020 298 2084 ἐν
321 2030 367 2107 τςό
390 2023 532 2104 τμήματι
555 2018 733 2104 κλωμένων
755 2023 890 2105 μεγίστη
916 2019 1013 2086 ἐστίν.

235 2123 332 2190 Ἀίλὰ
355 2127 397 2208 θη
421 2128 502 2190 ἔστα
526 2123 546 2208 ἡ
570 2126 848 2214 θιχοτομία’πρὸς
870 2137 916 2215 τῷ
941 2131 978 2192 Ζ.
1014 2125 1109 2210 λέγω,
1133 2128 1184 2192 ὅτι

170 2231 190 2315 ἡ
222 2239 284 2296 τοῦ
312 2235 339 2296 Ζ
372 2233 484 2314 ἔγγιον
516 2230 536 2314 ἡ
565 2235 670 2297 ΑΒΓ
697 2231 813 2298 εὐθεῖα
845 2241 902 2317 τῆς
930 2232 1101 2319 ἀνώτερον
1127 2243 1185 2318 τῆς

114 2349 149 2396 20
168 2341 279 2403 ΑΔΓ
296 2340 416 2423 μείζων
439 2336 537 2404 ἐστίν.

237 2442 307 2510 ἐπεὶ
343 2445 407 2531 γὰρ
443 2444 464 2527 ἡ
496 2449 598 2512 ΑΖΒ
634 2443 827 2534 περιφέρεια
865 2456 923 2531 τῆς
954 2449 1060 2512 ΒΔΓ
1091 2468 1181 2532 στερι-

167 2555 300 2636 φερείας
323 2554 441 2636 μείζων
464 2550 543 2635 ἐστί,
568 2550 623 2618 καῖ
646 2552 667 2636 ἡ
689 2553 757 2618 ὑπὸ
779 2557 885 2618 ΒΔΑ
908 2554 974 2639 ἄρα
995 2555 1101 2635 γωνία
1123 2563 1183 2636 τῆς

164 2656 230 2722 ὑπὸ
250 2661 355 2722 ΒΑΓ
368 2660 495 2742 μείζων.
531 2667 646 2743 κοινῆς
664 2661 902 2745 προστεθείσης
919 2668 977 2744 τῆς
993 2659 1060 2724 ὑπὸ
1074 2663 1182 2725 ΒΔΕ

166 2765 204 2828 αἴ
220 2765 285 2850 ἄρα
303 2763 368 2829 ὑπὸ
388 2768 506 2848 ΒΔΕ,
524 2769 631 2830 ΒΔΑ
649 2764 794 2850 μειῖονές
811 2768 875 2832 εἴσι
894 2777 962 2831 τῶν
979 2767 1044 2832 ὑπὸ
1064 2771 1182 2849 ΒΔΕ,

235 3027 955 3099 4.BAP]p,corr.e1AAPm.2V‚AAPv.
1028 3029 1178 3101 ἐστινῖση]

163 3093 208 3165 ἴση
228 3095 302 3150 ἐστίν
320 3115 347 3166 p.
421 3103 445 3152 ὅ.
464 3097 533 3170 θιιό]
552 3117 609 3169 vp,
628 3099 673 3152 bis
690 3099 725 3154 V.
798 3106 823 3155 8.
844 3102 953 3172 κοινῆς]
971 3101 1021 3155 καῖ
1034 3109 1132 3172 κοινῆς
1149 3119 1176 3170 p.

198 3165 344 3240 ἀρθείσης]
364 3167 426 3238 Vp,
445 3168 510 3224 fort.
525 3169 581 3239 όίρα
601 3167 748 3240 ἀρθείσηςς
769 3170 825 3240 ἄρα
844 3169 1051 3242 ἀφαιρεθείσης
1067 3172 1177 3242 Halley.

199 3243 240 3294 11.
261 3237 334 3294 ἐστιν
349 3237 405 3310 ἴση]
426 3238 471 3309 ἴση
486 3238 542 3294 ἐστί
559 3259 586 3310 p.
643 3248 684 3296 14.
705 3241 749 3311 ἴση
765 3241 838 3314 ἴστῖ]
859 3259 949 3312 om.p.
1008 3245 1106 3315 ΑΒΓ]
1125 3262 1176 3313 vp,

162 3325 231 3362 corr.
251 3325 285 3363 ex
303 3314 391 3364 ΑΔΓ
404 3329 440 3364 m.
461 3317 475 3364 1
495 3311 528 3366 V.
604 3318 645 3366 19.
666 3314 778 3384 εὐθεῖα]
798 3331 852 3368 om.
871 3331 899 3382 p,
972 3315 1129 3386 ἀπώτερον]
1148 3333 1175 3383 ρ,

160 3378 300 3449 ἀπόιερον
319 3381 351 3434 V.
425 3387 467 3435 21.
487 3378 564 3453 ἐπεί]
584 3401 634 3452 vp,
653 3387 779 3438 renouat.
794 3403 830 3438 m.
847 3400 901 3439 reo.
915 3385 948 3440 V.
1021 3391 1063 3440 22.
1084 3390 1164 3438 ΒΔΑ

160 3452 1004 3524 corr.exBAEm.2V‚BAEv33PAp,1⁷eoorr.
1075 3453 1163 3524 γωνία

160 3533 214 3572 om.
228 3538 255 3589 p.
328 3527 371 3575 23.
390 3520 501 3594 μείζων]
520 3521 620 3591 μείζων
640 3522 724 3581 ἐστίν·
746 3523 790 3595 ἴση
811 3522 842 3580 δὲ
861 3525 879 3596 ἡ
898 3526 954 3582 ὑπὸ
970 3529 1049 3581 ΒΓΑ
1068 3535 1102 3598 τῇ
1119 3527 1176 3582 θιιο
