2604 3880
172 211 238 272 ι250
485 213 574 262 ΠΕΡΙ
590 213 719 264 ΚΩΚΟΤ
736 213 874 268 ΤΟΗΗΣ»

238 351 321 435 ἐπεί,
349 353 395 428 ὡς
420 355 458 418 τὸ
486 358 589 418 ΕΑΖ
615 357 700 440 πρὸς
725 357 763 420 τὸ
793 359 911 438 ΓΑΔ,
938 357 1045 432 οὕτως
1069 358 1088 440 ι]
1116 361 1189 422 ΒΑ
1289 333 1290 342 ¹

173 461 257 544 πρὸς
287 463 374 542 ΑΗ,
406 459 452 536 ὡς
482 457 519 525 δὲ
551 463 589 525 τὸ
620 466 720 526 ΕΑΖ
752 465 836 548 πρὸς
863 466 977 546 ΓΑΔ,
1009 464 1117 539 οὗτος
1147 467 1189 528 τὸ

174 568 272 630 ΓΑΔ
289 567 373 650 πρὸς
392 570 512 650 ΘΑΚ,
530 566 584 631 καλ
603 570 641 633 τὸ
659 571 724 652 ἄρα
743 572 842 633 ΓΑΔ
859 571 943 652 πρὸς
962 573 1069 634 ΘΑΚ
1084 571 1188 653 ἐστιν,

172 671 218 748 δας
245 671 264 756 ἡ
292 676 360 736 ΒΑ
386 674 470 758 πρὸς
496 678 578 738 ΑΗ.
628 675 674 750 ὡς
701 672 737 739 δὲ
764 677 802 739 τὸ
831 679 930 740 ΓΑΔ
955 678 1039 760 πρὸς
1067 681 1186 759 ΘΑΚ,

138 777 279 854 bosam
305 777 326 861 ι]
353 783 417 844 ΕΖ
443 781 527 864 πρὸς
553 784 633 864 ΘΚ,
660 780 830 846 τουτέστιν
856 783 877 866 ἡ
901 786 970 846 ΒΚ
992 784 1077 868 πρὸς
1098 787 1185 847 ΚΗ·

172 881 227 948 καλ
251 885 296 961 ὡς
317 887 382 966 ι’ἰριι
404 884 424 968 ἡ
444 890 511 950 BA
532 889 616 972 πρὸς
633 891 720 971 ΑΗ,
743 889 849 965 οὕτως
870 889 891 971 ἡ
911 892 981 953 ΒΚ
999 891 1084 974 πρὸς
1101 892 1184 971 ΚΗ,

171 995 231 1056 καί
246 991 336 1058 ἐστιν
354 993 451 1078 ὅμοια
468 994 509 1056 τὰ
527 997 649 1077 ΒΑΗ,
663 998 774 1058 ΒΚΗ
788 999 934 1080 τρίγωνα
951 994 1007 1059 καλ
1025 995 1183 1079 ὁμόλογοι

172 1099 210 1163 αί
230 1103 310 1182 ΑΒ,
335 1102 408 1163 ΒΚ.
446 1105 500 1183 ἴση
524 1101 589 1181 ἄρα
612 1101 718 1184 ἡΑΒ
740 1113 779 1186 τῇ
799 1105 867 1166 ΒΚ
887 1101 923 1166 ἐκ
945 1111 1005 1166 τοῦ
1027 1100 1183 1186 κέντρου·

172 1203 190 1269 ὃ
213 1204 382 1292 προέκειτο
406 1205 518 1284 δεῖξαι.

119 1329 154 1381 1⁰
239 1310 305 1377 Καλ
328 1315 571 1397 συναπεδείχδη
594 1312 674 1378 καθ’
695 1311 851 1398 ἑκατέραν
873 1326 941 1379 τῶν
963 1313 1108 1398 δείξεων,
1132 1317 1183 1380 ὄτι

170 1421 208 1484 τὸ
231 1423 333 1484 ΕΑΖ
354 1423 518 1506 τρίγωνον
540 1430 586 1507 τῷ
611 1424 718 1485 ΘΑΚ
737 1421 853 1505 ὅμοιόν
875 1421 978 1486 ἐστιν·
1006 1422 1052 1496 ὡς
1073 1423 1138 1506 γὰρ
1161 1423 1182 1505 ἡ

171 1529 235 1590 ΕΖ
262 1527 345 1612 πρὸς
374 1529 453 1608 ΘΚ,
481 1526 587 1602 οὕτως
613 1526 633 1609 ἡ
661 1531 728 1591 ΒΑ
753 1529 838 1613 πρὸς
859 1532 941 1592 ΑΗ.
985 1527 1041 1592 καλ
1068 1531 1117 1592 ἔτι
1145 1531 1182 1592 τὸ

170 1627 231 1716 μλν
254 1635 354 1696 ΕΑΖ
376 1633 459 1718 πρὸς
481 1633 519 1698 τὸ
542 1637 647 1697 ΘΑΚ
666 1635 864 1698 διπλασίονα
887 1638 989 1716 λόγον
1012 1639 1076 1718 ἔχει
1099 1637 1183 1720 ἤπερ

170 1739 207 1803 τὸ
232 1741 333 1804 ΓΑΔ
354 1739 438 1826 πρὸς
459 1740 497 1805 τὸ
518 1743 629 1806 ΘΑΚ.
670 1743 728 1804 καί
748 1739 816 1804 ἐστι
839 1742 876 1805 τὸ
897 1744 995 1805 ΓΑΔ
1016 1745 1183 1826 τρίγωνον

120 1863 153 1912 ιο
171 1845 253 1931 πρὸς
288 1846 326 1910 τὸ
361 1849 477 1930 ΘΑΚ,
513 1848 559 1924 ὡς
594 1846 614 1930 ἡ
648 1850 727 1929 ΓΔ,
762 1845 933 1911 τουτέστιν
969 1848 1014 1924 ὡς
1049 1847 1070 1930 ἡ
1103 1853 1183 1932 ΕΖ,

169 1953 252 2034 πρὸς
277 1955 355 2017 ΘΚ·
384 1953 466 2018 ὥστε
493 1955 530 2019 τὸ
553 1959 655 2018 ΕΑΖ
681 1955 764 2039 πρὸς
790 1955 828 2018 τὸ
854 1957 959 2018 ΘΑΚ
985 1955 1183 2020 διπλασίονα

170 2059 271 2138 λόγον
307 2061 372 2142 ἔχει
408 2069 475 2124 τῶν
507 2059 679 2143 ὁμολόγων
709 2066 864 2146 πλευρῶν
895 2073 962 2126 τῶν
993 2065 1071 2143 ΒΖ,
1106 2065 1181 2124 ΘΚ.

171 2163 268 2248 ὅμοια
290 2164 355 2250 ἄρα
377 2165 418 2228 τὰ
440 2169 555 2248 ΕΑΖ,
586 2169 697 2230 ΘΑΚ.
743 2167 826 2231 ὥστε
850 2169 1011 2252 φανερόν,
1035 2167 1100 2250 ὅτι,
1124 2166 1182 2230 ἐὰν

169 2269 280 2335 κώνου
312 2275 479 2354 σκαληνοῦ
513 2271 530 2336 ὁ
561 2269 649 2349 ἄξων
678 2278 748 2348 ἴσος
775 2267 796 2358 ᾗ
823 2282 863 2357 τῇ
891 2271 926 2336 ἐκ
953 2281 1013 2336 τοῦ
1040 2271 1181 2358 κέντρου

117 2393 152 2444 20
170 2385 228 2462 τῆς
250 2377 386 2462 βάσεως,
409 2379 446 2444 τὸ
469 2379 553 2465 πρὸς
575 2377 682 2464 ὀρθὰς
704 2389 743 2464 τῇ
766 2379 860 2463 βάσει
882 2375 1047 2455 ἰσοσκελὲς
1064 2379 1182 2464 ὅμοιόν

170 2483 238 2550 ἐστι
265 2495 311 2574 τῷ
339 2487 395 2550 διὰ
421 2494 481 2551 τοῦ
509 2484 626 2564 ἄξονος
654 2488 825 2550 ίσοσκελεῖ’
856 2484 911 2550 καλ
940 2485 1179 2571 ἀντιστρόφως,

170 2589 230 2674 ὅτι,
259 2591 317 2658 ἐὰν
344 2593 381 2658 τὸ
408 2593 491 2678 πρὸς
518 2592 624 2678 ὀρθὰς
652 2602 691 2678 τῇ
714 2593 809 2677 βάσει
833 2589 996 2669 ἰσοσκελὲς
1019 2587 1180 2680 ὅμοιονῇ

169 2707 214 2786 τςδ
238 2699 294 2764 διὰ
317 2708 377 2764 τοῦ
400 2696 517 2776 ἄξονος
541 2701 715 2782 ίσοσκελεῖ,
738 2700 756 2765 δ
780 2696 868 2777 ἄξων
890 2709 951 2764 τοῦ
973 2701 1085 2765 κώνου
1110 2707 1181 2777 ἶσος

169 2805 259 2870 ἔσται
285 2815 325 2891 τῇ
354 2803 388 2870 ἐκ
415 2813 475 2870 τοῦ
502 2804 642 2891 κέντρον
669 2816 727 2890 τῆς
749 2806 887 2889 βάσεως·
916 2804 1093 2871 καὶτοῦτο
1116 2808 1178 2892 γὰρ

117 2925 151 2977 25
169 2909 410 2994 εὐκατανόητον
433 2911 468 2977 ἐκ
491 2924 558 2977 τῶν
580 2914 644 2996 ἤδη
668 2911 878 2997 δειχθέντων.

241 3145 264 3196 1,
289 3137 365 3212 ἐπεί]
390 3138 451 3194 ἐπεὶ
470 3138 522 3209 γάρ
545 3158 572 3210 p.
664 3146 688 3194 2.
713 3139 783 3209 πρός
798 3140 886 3212 (alm
910 3141 980 3209 πρὸς
998 3140 1029 3195 τό
1052 3159 1079 3210 p.
1154 3145 1177 3194 3.

171 3211 451 3282 &AKmbrumquess
479 3210 510 3265 τὸ
531 3213 616 3265 ΘΑΚ
640 3229 667 3281 p.
759 3211 815 3281 ἄρα
840 3213 937 3284 ΓΑΔ]
967 3215 1048 3267 ΓΑΔ
1066 3211 1123 3280 ἄρα
1150 3230 1177 3280 p.

204 3288 228 3338 4.
251 3283 342 3354 ΓΑΔ]
361 3297 459 3337 eeorr,
477 3299 504 3351 p.
562 3283 662 3354 ΘΑΚ]
681 3300 707 3352 v,
726 3283 757 3337 τδ
774 3285 859 3338 ΘΑΚ
874 3300 902 3351 p,
921 3287 1007 3338 ΔΑΚ
1021 3300 1048 3350 03
1070 3285 1178 3338 Θιοπ.

170 3369 204 3409 ex
222 3359 247 3410 A
265 3373 301 3408 m.
322 3359 336 3408 1
356 3353 389 3422 V,
418 3357 446 3407 K
462 3368 557 3422 eum,
586 3371 641 3422 mg.
661 3359 679 3421 †
701 3357 786 3409 ΘΑΚ
805 3385 835 3394 —
855 3371 891 3408 m.
911 3371 965 3409 rec.
1038 3361 1063 3408 8.
1083 3353 1126 3426 ἐκ]
1145 3363 1179 3425 τῇ

170 3423 200 3480 ἐκ
217 3443 244 3494 p.
336 3430 360 3480 9.
385 3420 563 3494 δπρολκιιιο
582 3425 683 3496 δεῖξαι]
707 3441 760 3479 om.
779 3443 806 3494 p.
901 3430 942 3480 10.
965 3423 1099 3494 ἑκατέραν
1131 3434 1178 3493 ολ,

170 3493 266 3562 ἑτέραν
285 3495 341 3564 Vp.
420 3501 461 3549 11.
480 3496 617 3564 τρίγωνον
637 3527 669 3536 -
691 3502 731 3550 12.
752 3497 821 3619 ΕΖ]
837 3495 881 3549 bis
901 3513 923 3551 c.
1003 3502 1043 3550 12.
1065 3495 1104 3550 ἔτι
1135 3495 1179 3550 ὅτι

168 3563 273 3635 Vvop‚
294 3581 361 3620 corr.
377 3565 486 3635 Halley.
552 3571 593 3620 13.
614 3564 676 3638 μέν]
695 3566 758 3620 fort.
775 3567 809 3622 de
822 3567 933 3622 endum.
995 3568 1087 3637 ΕΑΖ]
1108 3583 1178 3636 vop,
