2604 3880
134 207 234 292 Ι280
481 210 713 262 nmmror
730 211 866 262 rom.

168 356 209 418 H
231 353 351 431 κύκλος
376 353 460 438 πρὸς
484 353 544 417 τὸν
568 357 597 418 Θ
620 353 817 417 διπλασίονα
840 356 942 435 λόγον
963 357 1028 437 ἔχει
1050 355 1176 439 ἥπερδ

168 462 309 526 ΑΗΓΔ
339 469 446 536 κῶνος
475 460 559 544 πρὸς
589 460 649 523 τὸν
680 463 814 524 ΒΘΕΖ
845 471 971 543 κῶνον,
1006 460 1177 526 τουτέστιν

168 567 251 652 ἥπερ
278 565 297 632 δ
320 569 454 631 ΒΘΕΖ
479 566 563 650 πρὸς
588 567 648 630 τὸν
670 569 820 648 ΚΘΕΖ,
847 565 1019 632 τουτέστιν
1044 569 1126 651 ἥπερ
1153 567 1175 650 ἡ

170 677 236 738 ΒΘ
260 673 345 758 πρὸς
370 674 432 756 τὴν
456 675 537 755 ΘΚ,
563 675 629 756 ἔχει
656 667 693 736 δὲ
717 671 735 736 δ
757 675 798 736 Η
815 674 936 749 κύκλος
956 675 1041 759 πρὸς
1062 675 1121 738 τὸν
1146 678 1176 738 Θ

134 779 293 845 σκύκλον
320 779 517 844 διπλασίονα
544 780 646 860 λύγον
672 779 754 863 ἥπερ
781 777 801 860 ἡ
828 782 894 843 ΓΔ
920 781 1004 864 πρὸς
1026 785 1103 863 ΕΖ,
1131 781 1178 856 ὡς

169 887 233 970 ἄρα
255 884 276 968 ἡ
297 887 358 950 ΓΔ
377 885 460 970 πρὸς
478 889 556 967 ΕΖ,
579 884 684 961 οὕτως
701 884 722 967 ἡ
741 889 807 950 ΒΘ
823 887 907 971 πρὸς
926 889 1005 970 ΘΚ,
1027 888 1178 952 τουτέστι

168 994 252 1076 πρὸς
274 996 355 1058 ΑΗ.
401 997 456 1056 ίσα
479 992 543 1075 δρα
562 989 635 1056 ’ἐστὶ
658 992 698 1055 τὰ
721 995 834 1075 ΑΓΔ,
854 997 952 1057 ΒΕΖ
974 997 1133 1078 τρίγωνα·
1157 993 1177 1058 δ

169 1097 338 1186 προέκειτο
361 1096 473 1176 δείξαι.

642 1255 703 1336 ξα’.

120 1395 153 1444 10
239 1381 307 1448 Καὶ
331 1381 388 1448 ἐὰν
410 1383 450 1448 τὰ
473 1383 529 1447 διδ
551 1393 619 1447 τῶν
641 1381 769 1460 ἀξόνων
788 1385 933 1468 τρίγωνα
952 1389 1007 1447 ἶσα
1025 1382 1181 1466 ἀλλήλοις

170 1483 203 1576 ᾗ,
226 1489 247 1574 ἡ
270 1489 366 1574 βάσις
383 1489 466 1574 πρὸς
483 1490 544 1573 τὴν
561 1487 661 1572 ῥύσιν
679 1486 876 1554 διπλασίονα
894 1492 995 1571 λόγον
1013 1493 1078 1574 ἔχει
1095 1491 1180 1576 ἥπερ

171 1595 189 1662 δ
212 1606 318 1672 κῶνος
338 1597 421 1682 πρὸς
443 1597 503 1660 τὸν
524 1606 643 1660 κῶνον.

237 1701 566 1788 καταγεγρύφδωσαν
588 1701 690 1767 πάλιν
711 1703 746 1766 οί
761 1704 969 1787 προκείμενοι
987 1713 1099 1785 κῶνοι,
1121 1700 1179 1767 καὶ

170 1809 360 1876 ὑποκείσθω
379 1809 419 1874 τδι
433 1814 465 1874 A
471 1812 541 1892 ΓΔ,
556 1813 623 1873 ΒΕ
628 1813 655 1872 Ζ
673 1811 818 1894 τρίγωνα
838 1814 894 1872 ἴσα
912 1807 1066 1891 ἀλλήλοις
1084 1805 1180 1874 εἶναι.

120 1927 152 1976 15
172 1914 318 1982 δεικτέον
350 1916 407 2000 δή,
439 1916 489 1982 δτι
521 1915 539 1982 δ
571 1918 611 1980 Η
638 1916 758 1991 κύκλος
789 1916 873 2000 πρὸς
903 1916 962 1980 τὸν
996 1919 1025 1980 Θ
1055 1916 1180 1982 κύκλον

172 2024 370 2088 διπλασίονα
393 2023 495 2104 λόγον
518 2025 583 2105 ἔχει
600 2022 683 2106 ἥπερ
702 2021 720 2086 δ
739 2024 878 2085 ΑΗΓΛ
895 2031 1002 2098 κῶνος
1019 2023 1102 2107 πρὸς
1120 2023 1180 2088 τὸν

171 2131 304 2192 ΒΘΕΖ
327 2137 444 2192 κῶνον.

216 2236 320 2330 ,ἔστω
348 2232 428 2318 γάρ,
456 2232 501 2309 ὡς
527 2231 548 2315 ι]
571 2237 637 2297 ΒΘ
664 2233 781 2298 εὐθεῖα
807 2235 890 2319 πρὸς
913 2238 998 2318 ΑΗ,
1026 2235 1131 2310 οὕτως
1157 2233 1181 2317 ι]

171 2344 247 2408 ΑΗ
270 2341 352 2428 πρὸς
378 2342 460 2404 HK.
512 2337 580 2404 ἐπεὶ
612 2334 674 2404 οὖν
702 2339 741 2404 τδι
768 2342 881 2423 ΑΓΛ,
910 2344 1006 2404 ΒΕΖ
1034 2344 1181 2426 τρίγωνα

172 2468 382 2478 ——-.---——

245 2539 268 2590 1.
290 2533 325 2606 Θ]
344 2551 370 2602 v,
386 2535 416 2618 ,Θ
430 2532 533 2588 κύκλον
552 2551 583 2603 p3
603 2548 683 2587 euen.
694 2531 727 2600 V,
746 2549 801 2600 mg.
821 2553 863 2600 „·:·
881 2534 906 2586 Θ
924 2547 958 2586 ex
972 2531 1181 2602 superioribus“

174 2641 210 2679 m.
230 2638 284 2678 rec.
357 2627 382 2677 2.
401 2619 552 2692 τουτέστιν]
572 2617 681 2688 ἔτέοτιν
700 2620 733 2691 V,
751 2617 891 2675 τουτέστιν
910 2637 965 2690 mg.
983 2639 1019 2674 m.
1039 2636 1092 2676 rec.
1154 2629 1180 2676 4.

174 2711 247 2784 ΘΚ]
265 2729 315 2781 vp,
341 2727 421 2765 enen.
436 2709 470 2779 V,
494 2711 580 2780 „puto
601 2711 679 2764 ΘΚ“
697 2726 753 2778 mg.
771 2725 876 2764 πονου.
949 2705 997 2781 δέ]
1016 2727 1034 2763 v
1063 2705 1120 2778 ;δέ
1139 2706 1183 2777 δὲ,

173 2781 222 2838 alt.
239 2798 329 2851 θύου,
347 2782 381 2852 V,
400 2799 456 2852 mg.
475 2783 561 2852 „puto
580 2777 650 2836 καίιι
669 2798 704 2836 m.
723 2796 777 2835 ree.
841 2779 902 2852 τόν]
921 2799 948 2850 p,
968 2727 1087 2835 ova.
1144 2781 1181 2851 Θ]

172 2852 202 2908 in
224 2870 278 2908 ras.
297 2870 334 2906 rn.
355 2859 369 2906 1
389 2870 414 2908 v.
505 2859 529 2906 ο.
553 2851 636 2922 λόγον
676 2867 732 2920 rep.
752 2869 807 2921 mg.
826 2869 862 2905 m.
881 2868 935 2907 ree.
954 2852 980 2905 V
1003 2850 1062 2906 sine
1087 2867 1180 2906 causa.

210 2925 279 2996 ΕΖ]
298 2923 349 2993 τὴν
369 2927 466 2994 EZp.
541 2927 612 2977 6.Γ
664 2923 867 2992 vp‚euan.V.
938 2921 1181 2992 πρύςφτ.)-7.

171 2993 253 3067 πρός]
271 3012 326 3064 vp,
355 3011 435 3050 euen.
454 2994 487 3064 V,
516 3010 573 3063 rep.
593 3011 648 3064 mg.
668 3012 703 3048 m.
722 3010 777 3048 rec.
869 3000 892 3048 6.
917 2994 986 3065 ΕΖ]
1011 2993 1062 3062 τὴν
1082 2996 1136 3047 ΕΖ
1152 3011 1181 3062 p.

210 3066 282 3138 ΘΚ]
300 3065 352 3136 τὴν
372 3068 430 3122 ΘΚ
445 3083 472 3135 p.
547 3073 570 3120 V.
589 3064 670 3137 πρός]
688 3064 740 3133 τήν
758 3083 784 3133 p.
858 3063 904 3118 λ’σα
923 3096 956 3104 -
971 3065 1103 3135 τρίγωνα]
1122 3079 1180 3144 rep.

172 3154 227 3207 mg.
242 3154 278 3192 m.
292 3152 346 3191 ree.
362 3136 388 3191 V
406 3136 466 3191 sine
484 3135 663 3192 necessitate.
727 3137 824 3207 ΒΕΖ]
844 3139 928 3190 ΒΕΔ
945 3134 1031 3204 va,
1050 3138 1136 3189 ΒΗΛ
1150 3152 1183 3188 m

171 3207 385 3279 repetitionem.
396 3223 449 3262 rec.
460 3207 498 3276 λίς
514 3224 582 3263 corr.
599 3207 702 3263 Comm.
753 3203 922 3276 δπροέκειτο
932 3206 1034 3278 δεῖξαι]
1044 3225 1070 3275 r,
1085 3222 1138 3260 om.
1148 3223 1182 3276 p3

173 3277 188 3334 δ
207 3276 288 3348 προί-
308 3277 423 3334 sustulit
441 3278 543 3333 lacuna
558 3279 589 3333 in
602 3279 635 3348 V,
654 3296 710 3349 mg.
726 3281 811 3349 „puto
827 3278 923 3332 deesse
942 3275 1057 3345 δπρο-“
1075 3295 1111 3332 m.
1126 3292 1181 3331 rec.

209 3355 232 3405 8.
253 3350 354 3422 δείξαι]
372 3348 419 3404 hie
439 3350 495 3404 des.
515 3350 573 3420 (fol.
589 3353 667 3420 23711)
685 3368 721 3404 m.
738 3356 751 3404 1
771 3349 804 3418 V,
825 3351 918 3404 cetere
937 3367 972 3402 m.
987 3355 1011 3402 3.
1074 3354 1098 3402 9.
1118 3347 1166 3412 ξα’

175 3437 227 3476 om.
243 3439 269 3492 v,
288 3421 339 3476 νθ’
376 3420 429 3490 ,ξ’
444 3438 480 3476 m.
495 3437 549 3476 ree.
565 3421 598 3476 V.
673 3426 713 3476 1³.
734 3418 1015 3490 καταγεγράφδωοαν
1033 3451 1069 3460 -
1082 3427 1169 3474 κῶνοι

174 3491 240 3546 ἔστω
255 3490 308 3562 γὰρ
322 3494 406 3548 πολιν
420 3489 438 3561 ι]
453 3491 523 3562 αύτὴ
538 3491 706 3562 καταγραφὴ
720 3500 775 3546 τῶν
789 3492 886 3546 κώνων
900 3509 927 3561 p.
986 3496 1027 3544 18.
1042 3491 1115 3560 ΛΗ]
1129 3489 1182 3559 τὴν

172 3565 272 3632 AHp.
347 3562 676 3636 19.ΗΚ]τήνΗΚῙ).
