2574 3882
428 201 479 250 Du
497 200 675 254 sacmona
693 203 874 258 OYLINDRI.
1114 206 1157 270 83

143 338 267 424 ellipsis
319 342 393 406 coni
442 341 483 406 ad
528 344 722 426 quadratum
767 346 917 411 diametri
963 350 1156 435 coniugatae

144 445 347 531 [Apolloni
360 449 414 532 133
427 470 519 532 prop.
533 448 657 533 XVlI];
677 472 775 534 quare
789 453 897 537 etiam,
911 458 949 518 ut
963 456 1157 540 quadratum

144 553 294 618 diametri
317 555 441 639 ellipsis
464 555 601 639 cylindri
624 557 665 621 ad
688 559 882 642 quadratum
905 561 1055 628 diametri
1078 587 1155 629 cou-

141 660 290 745 iugatae,
327 661 376 724 ita
417 663 611 744 quadratum
653 663 801 729 diametri
843 667 966 750 ellipsis
1003 671 1077 734 coni
1114 673 1155 736 ad

144 767 339 849 quadratum
375 767 525 832 diametri
561 769 762 854 conjugatae.
821 771 931 857 itaque
967 776 1078 860 etiam,
1119 783 1157 842 ut

142 872 321 938 diametrus
346 873 470 958 ellipsis
494 875 633 957 cylindri
656 877 697 940 ad
719 877 914 944 diametrum
937 882 1155 969 coniugatam,

141 979 190 1042 ita
212 979 389 1044 diametrus
413 980 536 1064 ellipsis
560 983 634 1046 coni
657 984 698 1048 ad
720 984 913 1050 diametrum
937 988 1153 1074 coniugatam.

142 1091 174 1150 et
212 1087 333 1150 alterae
369 1087 519 1151 diametri
555 1089 595 1151 ad
627 1089 802 1154 diametros
835 1094 984 1176 aequales
1016 1096 1153 1181 angulos

142 1193 303 1271 efficiunt;
334 1197 471 1277 utraque
503 1195 590 1258 euim
621 1196 719 1260 rectis
753 1201 816 1262 ΖΟ
848 1204 881 1264 et
913 1204 989 1266 ΛΠ
1015 1202 1056 1266 ad
1083 1206 1158 1266 BH

140 1299 460 1384 perpendicularibus
483 1301 639 1385 parallela
662 1307 712 1367 est
735 1303 840 1388 [prop.
859 1303 906 1370 lx
929 1308 1032 1392 extr.].
1074 1331 1153 1395 ergo

141 1406 266 1490 ellipsis
300 1407 373 1470 coni
405 1407 513 1491 ellipsi
549 1408 686 1492 cylindri
719 1410 834 1476 similis
862 1417 913 1477 est
939 1413 1015 1498 [def.
1029 1416 1089 1501 -8],
1120 1421 1154 1481 et

141 1514 184 1577 ab
222 1513 336 1578 eodem
371 1514 469 1598 plano
509 1515 624 1580 effecta
660 1520 725 1600 est,
765 1521 798 1582 ct
835 1540 934 1584 conus
970 1521 1006 1586 in
1042 1523 1153 1588 eadem

140 1620 214 1684 basi
242 1623 449 1684 constructus
477 1625 528 1684 est
557 1643 594 1685 ac
622 1622 785 1705 cylindrus
809 1629 842 1688 ct
865 1627 925 1690 sub
949 1629 1059 1694 eadem
1083 1630 1154 1694 alti-

139 1725 267 1805 tudine3
290 1749 372 1810 quae
395 1727 564 1811 proposita
586 1732 686 1792 erant.

578 1957 710 2023 XXVII.

205 2082 294 2146 Fieri
321 2085 445 2167 potest,
472 2088 509 2146 ut
535 2083 629 2148 datus
654 2084 817 2168 cylindrus
841 2108 981 2152 conusue
1005 2089 1151 2156 scalenus

136 2191 176 2252 ab
201 2189 305 2253 altera
322 2193 414 2272 parte
435 2189 470 2252 iu
488 2189 653 2254 infinitum
671 2191 796 2256 duobus
815 2192 920 2275 planis
941 2200 1066 2260 secetur
1083 2219 1150 2262 non

136 2295 316 2380 parallelis,
338 2295 460 2359 similes
484 2300 593 2360 autem
616 2296 745 2381 ellipses
768 2297 995 2365 efficientibus.

204 2403 248 2467 sit
297 2401 439 2486 primum
488 2402 584 2467 datus
634 2403 799 2487 cylindrus
846 2406 1008 2491 scalenus,
1057 2409 1148 2474 cuius

135 2509 476 2594 parallelogrammum
493 2531 551 2593 per
569 2531 662 2573 axem
679 2510 824 2594 positum
843 2511 887 2574 sit
900 2515 969 2574 AB
988 2513 1029 2575 ad
1042 2514 1148 2580 basim

137 2617 273 2700 cylindri
296 2615 574 2701 perpendiculare,
601 2619 866 2700 supponaturque
890 2617 1028 2702 angulus
1052 2621 1092 2684 ad
1115 2628 1149 2686 Α

136 2723 264 2807 positus
288 2727 413 2807 acutus,
436 2727 468 2786 et
490 2744 548 2806 per
568 2725 600 2786 Γ
618 2723 659 2786 ad
680 2722 765 2785 latus
785 2728 855 2786 ΑΛ
872 2724 1146 2808 perpendicularis

1 2877 3 2918 ξ
136 2831 273 2894 ducatur
302 2832 380 2908 ΓΛ;
409 2831 474 2894 ΓΔ
503 2829 606 2914 igitur
634 2827 770 2892 minima
798 2833 848 2893 est
876 2829 1034 2918 omnium,
1066 2856 1147 2918 quae

134 2937 221 3000 inter
242 2935 414 3019 parallelas
433 2941 516 3018 ΑΔ,
537 2938 598 2999 ΓΒ
618 2935 744 3000 cadunt.
782 2941 951 3001 sumantur
970 2939 1010 3003 ad
1028 2944 1147 3006 utram-

136 3066 198 3128 que
239 3047 365 3127 partem
400 3042 513 3126 puncti
548 3048 582 3105 A
617 3047 724 3108 rectae
761 3043 910 3127 aequales
946 3049 1028 3130 ΕΔ,
1065 3053 1147 3132 ΔΖ,

1083 3228 1142 3235 --.

135 3348 158 3397 8.
175 3339 326 3412 διαμέτρου
337 3343 413 3468 (1)τῦ
424 3360 451 3411 p,
467 3359 520 3396 om.
530 3342 583 3396 Vc.
641 3349 683 3399 11.
697 3343 714 3412 ἡ
730 3340 878 3412 διάμετρος
903 3359 950 3411 po,
966 3359 1034 3397 corr.
1046 3359 1079 3396 ex
1092 3345 1144 3414 τὴν

1 3409 2 3420 ’
135 3413 285 3483 διάμετρον
303 3419 370 3468 m.1
413 3412 587 3483 ,διάμετρος
600 3431 625 3468 y.
689 3418 732 3468 13.
750 3414 877 3483 δεύτεραι
903 3431 929 3482 p,
950 3414 1075 3483 δεύτεροι
1088 3414 1143 3470 Vo.

170 3492 212 3540 14.
232 3486 309 3556 ταῖς]
328 3503 359 3553 p,
382 3483 433 3548 τάς
451 3485 503 3540 Ve.
594 3490 635 3540 20.
655 3484 710 3555 κζ’]
730 3485 773 3538 κε’
792 3503 848 3554 mg.
867 3502 902 3538 m.
922 3500 975 3538 rec.
994 3484 1027 3538 V.
1101 3493 1143 3542 26.

133 3555 236 3628 ὀρθάς]
256 3553 361 3625 dodoi?
379 3573 405 3624 p.
1064 3582 1067 3588 ¹

947 3645 982 3697 6*
