2604 3880
150 212 215 276 298
464 215 551 264 ΠΕΡΙ
568 213 697 267 mor
715 216 852 267 ΤΟΜΗΣ.

149 368 251 422 κῶνοι
289 358 439 434 ἰσοϋψεῖς
475 358 567 434 ἄντες
602 358 686 442 πρὸς
723 357 887 439 ἀλλήλους
923 356 1010 422 είσλν
1046 359 1091 435 ὡς
1128 349 1166 423 αί

149 463 270 546 βάσεις.
316 462 385 528 ἐπεὶ
414 460 476 529 οὖν
503 463 521 529 6
544 467 683 528 ΑΗΓΔ
695 462 818 540 ’κῶνος
839 465 923 550 πρὸς
945 466 1004 529 τὸν
1027 469 1161 530 ΒΘΕΖ

150 572 348 635 διπλασίονα
377 573 478 653 λόγον
505 574 571 654 ἔχει
597 572 680 655 ἥπερ
707 571 727 653 6
753 575 791 635 Η
813 571 910 655 βάσις
937 573 1021 657 πρὸς
1047 572 1108 654 τὴν
1133 575 1162 634 Θ

149 678 259 760 βᾶσιν,
283 677 327 752 ῶς
350 673 387 740 δὲ
409 675 429 758 6
450 681 488 741 Η
503 676 600 760 βάσις
617 678 700 763 πρὸς
718 679 779 760 τὴν
800 682 838 760 Θ,
862 677 968 753 οὕτως
986 677 1004 743 6
1023 680 1161 741 ΑΗΓΔ

115 795 256 860 οκῶνος
282 784 366 867 πρὸς
391 784 450 848 τὸν
473 786 624 866 ΚΘΕΖ,
653 783 671 848 6
699 785 763 869 ἄρα
786 786 925 848 ΑΗΓΔ
948 795 1055 859 κῶνος
1076 785 1160 868 πρὸς

148 891 208 954 τὸν
235 894 368 954 ΒΘΕΖ
401 891 599 955 διπλασίονα
629 893 730 972 λόγον
762 893 828 973 ἔχει
858 890 940 974 ἤπερ
973 889 991 955 6
1020 896 1053 953 Α
1059 893 1098 954 H
1101 893 1161 954 ΓΔ

148 997 231 1079 πρὸς
253 996 312 1060 τὸν
335 999 370 1060 Κ
375 1000 486 1060 ΘΕΖ·
510 996 555 1072 ὡς
577 998 641 1080 ἄρα
664 997 682 1062 6
707 999 846 1060 ΑΗΓΔ
869 1007 975 1071 κῶνος
997 997 1080 1080 πρὸς
1102 997 1162 1060 τὸν

148 1105 299 1185 ΚΘΕΖ,
332 1102 438 1177 οὕτως
469 1101 487 1168 6
516 1103 652 1166 ΚΘΕΖ
684 1103 767 1186 πρὸς
795 1103 855 1167 τὸν
882 1106 1025 1166 ΒΘΕΖ.
1077 1101 1162 1186 [ἐπεὶ

147 1211 265 1274 τοίνυν
287 1209 305 1274 6
329 1211 468 1273 ΑΗΓΔ
490 1220 597 1285 κῶνος
618 1210 701 1294 πρὸς
722 1209 783 1274 τὸν
805 1213 939 1273 ΒΘΕΖ
963 1209 1162 1273 διπλασίονα

96 1332 130 1380 10
149 1318 250 1398 λόγον
268 1319 332 1400 ἔχει
351 1317 433 1401 ἥπερ
452 1315 470 1380 6
490 1319 594 1380 ΚΘΕ
599 1320 626 1379 Ζ
644 1316 727 1401 πρὸς
744 1317 804 1380 τὸν
822 1319 969 1400 ΒΘΕΖ,
990 1313 1160 1379 τουτέστιν

146 1422 229 1507 ἤπερ
252 1423 272 1505 6
296 1426 364 1487 ΚΘ
385 1423 469 1508 πρὸς
493 1426 571 1505 ΘΒ,
594 1424 660 1506 ἔχει
683 1419 719 1486 δδ
744 1421 761 1486 6
783 1427 815 1486 A
824 1423 924 1486 ΗΓΔ
947 1432 1054 1498 κῶνος
1075 1423 1160 1507 πρὸς

146 1529 205 1592 τὸν
233 1532 366 1594 ΒΘΕΖ
395 1530 592 1594 διπλασίονα
619 1531 721 1610 λόγον
748 1527 804 1592 καὶ
831 1537 891 1593 τοῦ
919 1526 959 1592 δν
986 1530 1051 1612 ἔχει
1078 1527 1098 1611 6
1123 1533 1163 1592 Η

146 1634 242 1718 βᾶσις
264 1637 347 1722 πρὸς
368 1638 429 1720 τὴν
449 1640 478 1700 Θ
501 1633 609 1720 βᾶσιν,
633 1635 678 1711 ὡς
701 1636 766 1720 ἄρα
788 1634 809 1718 6
829 1639 868 1700 Η
881 1634 978 1718 βᾶσις
995 1636 1077 1720 πρὸς
1095 1636 1157 1718 τὴν

150 1747 178 1806 Θ
205 1742 319 1826 βᾶσιν,
351 1743 457 1819 οὕτως
484 1742 502 1808 6
530 1745 607 1806 AH
630 1740 718 1819 ἄξων
744 1743 827 1827 πρὸς
854 1742 913 1806 τὸν
940 1745 1006 1806 ΒΘ
1032 1739 1157 1826 ἄξονα]

94 1866 127 1913 15
146 1847 201 1912 καλ
229 1847 297 1914 ἐπεὶ
321 1851 470 1927 ἰσοϋψεῖς
492 1851 577 1914 εἰσιν
600 1850 634 1913 οί
655 1851 809 1931 ΑΗΓΔ,
837 1851 972 1912 ΚΘΕΖ
994 1858 1111 1931 κῶνοι,
1138 1847 1157 1913 6

146 1956 211 2040 ἄρα
229 1962 261 2020 Α
267 1959 306 2020 Η
308 1959 368 2020 ΓΛ
386 1967 492 2032 κῶνος
509 1957 592 2040 πρὸς
611 1956 669 2020 τὸν
690 1958 721 2020 K
725 1959 821 2019 ΘΕΖ
841 1956 1038 2020 διπλασίονα
1057 1959 1157 2037 λόγον

146 2063 211 2144 ἔχει
247 2063 329 2146 ἥπερ
366 2063 403 2126 τὸ
437 2065 536 2126 ΛΓΔ
571 2065 737 2147 τρίγωνον
770 2062 856 2148 ’πρὸς
891 2061 928 2125 τὸ
961 2065 1075 2143 ΚΕΖ,
1113 2061 1158 2138 ὡς

146 2165 289 2251 ἐδείχθη.
337 2167 381 2243 ὡς
408 2164 444 2231 δδ
473 2167 491 2232 6
515 2171 654 2231 ΑΗΓΔ
681 2178 787 2243 κῶνος
813 2169 897 2254 πρὸς
924 2167 982 2232 τὸν
1005 2171 1157 2250 ΚΘΕΖ,

146 2274 252 2351 οὕτως
275 2274 292 2339 6
311 2296 346 2338 τε
364 2277 399 2338 K
404 2277 501 2338 ΘΕΖ
519 2284 626 2349 κῶνος
644 2274 727 2358 πρὸς
744 2274 804 2338 τὸν
822 2277 956 2338 ΒΘΕΖ
974 2285 1083 2338 κῶνον
1101 2272 1157 2338 καὶ

94 2396 128 2444 20
146 2382 184 2445 τδ
207 2385 307 2446 ΚΕΖ
334 2384 500 2467 τρίγωνον
527 2381 610 2466 πρὸς
632 2381 669 2444 τὸ
693 2384 803 2444 ΒΕΖ’
831 2377 886 2444 καὶ
909 2381 946 2445 τὸ
969 2383 1071 2444 ΚΖΕ
1092 2381 1157 2465 ἄρα

144 2490 309 2572 τρίγωνον
335 2489 419 2572 πρὸς
445 2489 482 2552 τὸ
506 2491 604 2552 ΒΕΖ
632 2489 830 2552 διπλασίονα
857 2489 958 2569 λόγον
986 2489 1051 2569 ἔχει
1073 2487 1155 2572 ἥπερ

144 2595 181 2658 τὸ
200 2597 299 2658 ΑΓΔ
322 2595 405 2680 πρὸς
427 2595 464 2659 τὸ
483 2597 598 2659 ΚΕΖ·
620 2595 658 2658 τὸ
682 2594 748 2679 ἄρα
766 2597 865 2658 ΑΓΔ
887 2597 1052 2678 τρίγωνον
1073 2595 1157 2679 πρὸς

144 2701 181 2765 τὸ
205 2705 303 2765 ΒΕΖ
330 2704 547 2786 τριπλασίονα
572 2703 674 2783 λόγον
697 2703 762 2784 ἔχει
784 2701 867 2786 ἥπερ
890 2701 927 2764 τδ
951 2705 983 2763 A
990 2703 1050 2764 ΓΔ
1073 2701 1157 2785 πρὸς

43 2829 46 2834 ·
144 2809 180 2871 τὸ
204 2811 313 2872 ΚΕΖ.
360 2808 405 2884 ὡς
433 2804 470 2872 δὲ
497 2808 534 2872 τὸ
557 2811 657 2872 ΑΓΛ
684 2808 768 2892 πρὸς
794 2808 831 2871 τὸ
856 2810 972 2888 ΚΕΖ,
1001 2806 1155 2890 οὕτῶςὴ

93 2928 126 2976 25
147 2916 208 2977 ΓΛ
230 2912 328 2996 βᾶσις
344 2915 428 2999 πρὸς
445 2915 507 2997 τὴν
525 2918 557 2978 Ε
562 2918 602 2977 Ζ·
627 2915 749 2996 ἰσοϋψῆ
768 2912 832 2998 γάρ
852 2912 978 2978 ἐστιτὰ
996 2914 1156 2998 τρίγωνα·

143 3021 181 3084 τδ
213 3021 277 3105 ἄρα
304 3023 403 3085 ΑΓΔ
435 3023 599 3106 τρίγωνον
631 3021 714 3105 πρὸς
742 3019 779 3083 τὸ
808 3023 905 3084 ΒΕΖ
938 3021 1156 3103 τριπλασίονα

143 3128 244 3208 λόγον
267 3129 332 3210 ἔχει
354 3128 436 3211 ἥπερ
455 3125 475 3208 6
497 3129 556 3190 ΓΛ
574 3126 658 3212 πρὸς
676 3126 737 3208 τὴν
755 3129 832 3188 ΕΖ·
857 3125 936 3209 ὅπερ
956 3125 1022 3189 ἔδει
1042 3123 1154 3202 δείξαι.

214 3361 238 3409 5.
258 3355 389 3479 ΑΗΓΔᾶ
406 3357 488 3408 ΗΓΔ
505 3353 539 3408 V.
613 3359 636 3408 6.
656 3353 784 3423 ΑΗΓΔ]
803 3370 834 3420 V,
857 3356 969 3407 ΑΗΓΔ
987 3363 1077 3416 κῶνος
1095 3353 1152 3424 Vp.

180 3432 203 3481 λ.
222 3427 345 3497 ΑΗΓΔ]
394 3443 421 3494 p,
440 3429 513 3478 ΑΗ·
532 3424 562 3478 in
579 3441 633 3479 ras.
653 3442 688 3479 m.
710 3429 724 3476 1
744 3441 770 3478 v,
834 3426 859 3477 8.
879 3421 982 3478 ἐπεί-
995 3431 1035 3479 14.
1051 3424 1140 3490 ἄξονα

144 3514 196 3551 om.
216 3495 319 3566 Halley
337 3514 401 3550 cum
420 3495 523 3551 Comm.
584 3502 625 3550 12.
646 3495 774 3564 ΒΘΕΖ]
793 3493 856 3563 Vp,
875 3498 988 3551 ΒΕΘΖ
1006 3513 1031 3550 v.
1087 3494 1136 3550 καί

142 3585 173 3636 v,
202 3584 254 3621 om.
278 3567 335 3636 Vp.
438 3574 479 3622 13.
508 3568 545 3629 ὡς
572 3566 628 3636 ἄρα
652 3598 685 3608 -
710 3571 751 3619 14.
775 3563 875 3638 βᾶσιν]
903 3565 1014 3636 scripsi,
1048 3584 1101 3622 om.
1125 3586 1152 3636 v,
