2574 3882
390 206 440 254 DE
459 205 635 255 SECTIONE
654 205 833 257 CYLINDRI.
1106 201 1124 264 7

106 351 276 431 utramque
313 347 419 412 basim
455 351 585 432 tangat,
622 368 719 430 quam
752 345 882 431 quidem
914 345 1119 430 superficiem

107 452 318 538 cylindricam
341 453 522 518 describere
546 452 777 518 circumactam
800 452 946 516 dicimus,

175 561 204 624 3.
237 560 456 645 cylindrorum
487 581 565 624 uero
598 559 711 645 recti,
742 558 798 643 qui
835 580 928 622 axem
956 560 996 624 ad
1023 560 1119 624 bases

109 667 405 751 perpendicularem
427 668 558 753 habent,
582 665 732 751 obliqui
750 670 868 750 autem,
891 667 947 750 qui
966 689 1058 731 axem
1078 667 1119 730 ad

107 773 199 838 bases
218 774 517 857 perpendicularem
535 796 601 838 non
619 774 750 838 habent.

174 902 288 945 uerum
307 881 404 946 etiam
422 881 502 946 haec
521 881 697 945 secundum
711 879 923 964 Apollonium
937 880 1117 944 definienda

111 992 199 1052 sunt:

172 1097 202 1157 4.
231 1094 336 1158 omnis
359 1093 463 1159 lineae
487 1115 615 1178 curuae,
639 1092 779 1176 quaein
801 1115 866 1157 uno
889 1093 988 1177 plano
1007 1093 1116 1176 posita

106 1205 164 1284 est,
188 1200 400 1264 diametrus
424 1204 561 1264 uocetur
583 1202 673 1263 recta
696 1199 863 1285 quaedam,
886 1221 967 1285 quae
991 1222 1010 1264 a
1032 1199 1117 1264 linea

106 1329 205 1370 curua
232 1306 330 1370 ducta
358 1327 469 1370 omnes
497 1308 603 1369 rectas
631 1304 666 1368 in
692 1304 777 1369 linea
804 1305 861 1370 illa
889 1309 996 1371 rectae
1020 1306 1118 1371 alicui

106 1412 276 1495 parallelas
292 1412 405 1476 ductas
419 1411 454 1475 in
468 1411 563 1476 binas
575 1417 686 1496 partes
699 1413 850 1496 aequales
865 1416 962 1498 secat,
981 1418 1116 1478 uertex

105 1522 214 1582 autem
235 1518 339 1583 lineae
362 1518 519 1583 terminus
542 1518 639 1583 huius
663 1523 770 1584 rectae
792 1519 827 1582 in
849 1518 945 1604 linea,
970 1519 1115 1604 singulas

104 1629 214 1689 autem
228 1629 333 1690 rectas
341 1625 514 1710 parallelas
525 1626 565 1690 ad
575 1625 770 1690 diametrum
784 1625 962 1690 ordinate
978 1627 1115 1692 ductas

103 1753 173 1796 csse
198 1731 362 1816 [Apollon.
381 1754 449 1797 con.
469 1730 484 1795 I
507 1732 568 1796 def.
587 1732 633 1816 4].

170 1839 200 1904 5.
229 1838 459 1924 coniugatae
487 1843 597 1904 autem
625 1839 804 1903 diametri
832 1844 1004 1923 uocantur,
1032 1862 1114 1924 quac

101 1969 121 2010 a
139 1947 224 2025 linea
243 1947 284 2011 ad
302 1945 492 2032 coniugatas
511 1945 686 2010 diametros
707 1945 852 2010 ordinate
872 1947 986 2012 ductae
1001 1948 1115 2012 eodem

101 2053 197 2117 modo
221 2075 275 2118 eas
298 2057 417 2117 secant.
426 2050 451 2139 l)

168 2161 196 2223 6.
215 2159 337 2224 talibus
360 2180 438 2224 uero
461 2158 557 2223 lineis
581 2159 680 2223 etiam
698 2158 733 2223 in
752 2159 893 2242 obliquis
913 2160 1111 2225 sectionibus

100 2265 237 2349 cylindri
274 2265 354 2330 ortis
390 2270 549 2349 punctum
581 2265 722 2329 medium
755 2265 905 2330 diametri
938 2271 1113 2332 centrum

100 2371 254 2436 sectionis
273 2376 418 2457 uocetur,
436 2376 525 2436 recta
544 2376 654 2435 autem
668 2395 688 2435 a
702 2375 813 2436 centro
828 2372 868 2436 ad
882 2372 1001 2438 lineam
1016 2373 1114 2439 ducta

99 2478 230 2542 radius
255 2478 408 2543 sectionis
433 2477 598 2562 [Apollon.
618 2475 720 2542 conl
743 2478 814 2542 deff.
834 2478 888 2542 alt.
911 2479 953 2563 1].

168 2587 196 2648 7.
219 2589 308 2648 recta
336 2589 445 2649 autem
473 2607 492 2648 a
520 2589 631 2649 centro
655 2583 808 2648 sectionis
831 2589 939 2649 rectae
964 2585 1111 2650 ordinate

98 2691 215 2754 ductae
238 2691 394 2772 parallelo
417 2691 526 2775 ducta,
552 2713 633 2774 quae
658 2712 677 2752 a
699 2689 786 2754 linea
808 2691 1009 2775 terminatur,
1034 2692 1113 2756 dia-

99 2800 245 2860 metrus
275 2796 399 2860 altera
422 2800 557 2860 uocetur
582 2795 746 2880 [Apollon.
767 2796 872 2862 conl
896 2798 966 2862 deff.
986 2798 1040 2862 alt.
1061 2801 1109 2883 3];

98 2902 393 2968 demonstrabimus
423 2901 522 2986 enim,
550 2924 621 2966 eam
646 2923 756 2967 omnes
780 2908 884 2968 rectas
907 2904 943 2968 in
966 2906 1109 2971 sectione

97 3010 256 3075 diametro
266 3009 438 3094 parallelas
447 3009 560 3074 ductas
570 3009 605 3073 in
614 3009 707 3074 binas
717 3011 980 3095 partesaequales
991 3035 1108 3078 secare.

171 3180 197 3246 1)
216 3176 293 3229 Haec
312 3174 438 3229 definitio
457 3191 509 3228 neo
528 3192 591 3228 cum
610 3175 739 3244 Apollon.
756 3193 815 3230 con.
831 3176 844 3229 Ι
864 3176 917 3231 def.
934 3184 949 3231 6
969 3178 1110 3232 consentit

98 3265 152 3302 nec
170 3263 221 3316 per
241 3263 270 3301 se
290 3245 359 3300 satis
377 3246 526 3316 perspicua
545 3250 600 3313 est;
621 3247 670 3300 sed
689 3247 915 3302 emendationem
933 3248 1111 3316 probabilem

97 3336 155 3374 non
173 3317 281 3387 reperio
301 3335 352 3372 nec
371 3318 518 3371 adfirmare
538 3318 641 3386 ausim,
667 3317 801 3372 Serenum
819 3318 936 3372 nonita
956 3319 1108 3389 scripsisse.

99 3490 204 3557 μενον).
296 3493 338 3540 22.
361 3487 379 3556 ἡ
399 3484 429 3541 δὲ
449 3485 514 3558 διά]
540 3485 639 3541 διὰδὲ
662 3505 688 3554 p.
780 3493 821 3541 23.
845 3485 1033 3561 κατηγμένην]
1057 3508 1108 3560 pc,

96 3555 310 3628 κατηνεγμένην
329 3559 384 3612 Vr.
458 3564 500 3612 24.
521 3555 649 3630 δευτέρα]
669 3559 724 3628 da
743 3576 769 3627 p.
