2594 3878
164 162 227 224 122
470 165 557 214 nm
575 164 703 216 Κααοω
720 164 856 216 Τοιιειῑ.

159 309 241 391 οχην
267 316 324 390 τῆς
354 308 503 384 διανοίας
530 306 725 391 έκλύσωμεν.
771 305 859 371 ἰτέον
882 307 923 390 δὴ
947 305 999 370 ἐπὶ
1022 308 1178 390 τὴντῶν

157 411 381 498 προκειμένων
404 412 581 491 ἀπόδειξιν.

639 571 682 637 α’.

221 695 296 763 Ἐάν
315 698 485 782 τεσσάρων
503 697 646 762 εὐθειῶν
664 697 684 780 ἡ
703 697 815 782 πρώτη
834 696 917 781 πρὸς
934 698 995 779 τὴν
1010 693 1174 779 δευτέραν

122 807 286 888 ὁμείζονα
315 808 414 887 λόγον
442 807 497 889 ἔχη
525 805 607 888 ἥπερ
635 802 655 885 ἡ
683 807 775 889 τρίτη
802 803 885 889 πρὸς
912 804 973 886 τὴν
1001 801 1174 887 τετάρτην,

157 911 193 974 τὸ
216 911 281 976 ὑπὸ
305 912 437 997 πρώτης
458 907 514 973 καὶ
536 909 691 994 τετάρτης
713 911 822 992 μεῖζόν
844 908 913 973 έστι
931 917 991 972 τοῦ
1008 907 1073 972 ὑπὸ
1093 908 1174 972 δευ-

156 1014 251 1103 τέρας
273 1015 329 1082 καὶ
352 1020 472 1102 τρίτης.

222 1124 338 1189 εὐθεῖα
365 1123 428 1208 γάρ
457 1121 477 1205 ἡ
501 1128 533 1186 Α
555 1122 638 1208 πρὸς
660 1123 721 1204 τὴν
740 1127 768 1186 Β
790 1125 922 1206 μείζονα
945 1123 1046 1203 λόγον
1069 1118 1172 1204 ἐχέτω

155 1233 236 1316 ἥπερ
265 1229 285 1312 ἡ
316 1233 347 1294 Γ
370 1230 453 1314 πρὸς
479 1231 540 1312 τὴν
567 1232 642 1292 ΔΕ.
689 1226 788 1312 λέγω,
815 1228 864 1292 ὅτι
887 1229 924 1292 τὸ
947 1227 1011 1292 ὑπὸ
1035 1239 1102 1292 τῶν
1125 1236 1172 1312 A,

104 1357 136 1404 10
157 1343 227 1402 ΔΕ
247 1338 357 1421 μεῖζόν
380 1336 448 1400 ἐστι
472 1344 531 1399 τοῦ
553 1335 618 1399 ὑπὸ
637 1345 704 1398 τῶν
727 1338 770 1418 Β,
795 1337 829 1398 Γ.

224 1441 292 1506 ἐπεὶ
320 1441 339 1523 ἡ
368 1447 401 1505 Α
427 1442 510 1527 πρὸς
538 1445 566 1504 Β
594 1444 725 1526 μείζονα
753 1443 855 1522 λόγον
883 1444 947 1524 ἔχει
978 1443 1060 1526 ἥπερ
1090 1442 1110 1526 ἡ
1141 1447 1178 1508 ,Γ

156 1550 238 1634 πρὸς
264 1553 346 1631 ΔΕ,
374 1551 471 1631 ἔστω,
500 1548 544 1623 ὡς
571 1548 590 1631 ἡ
619 1553 651 1612 A
677 1549 760 1634 πρὸς
788 1551 831 1631 Β,
859 1548 964 1624 οὕτως
991 1547 1010 1630 ἡ
1036 1551 1067 1612 Γ
1084 1550 1185 1634 πρὸς,

155 1659 233 1718 ΔΖ·
257 1655 294 1719 τὸ
318 1656 382 1739 ἄρα
404 1654 469 1718 ὑπὸ
493 1660 535 1737 A,
554 1661 588 1718 Δ
595 1659 621 1718 Ζ
646 1660 720 1719 ίσον
743 1652 811 1718 ἐστὶ
834 1656 879 1742 τῷ
902 1654 967 1720 ὑπὸ
986 1665 1053 1719 τῶν
1071 1659 1110 1738 Β,
1130 1659 1170 1720 Γ.

155 1764 265 1845 μεῖζον
292 1757 329 1825 δὲ
356 1762 393 1825 τὸ
421 1761 485 1825 ὑπὸ
514 1766 559 1844 Α,
583 1766 653 1825 ΛΕ
673 1769 733 1825 τοῦ
755 1761 821 1826 ὑπὸ
844 1767 891 1844 Α,
915 1766 995 1825 ΔΖ·
1027 1759 1170 1826 καὶτοῦ

103 1887 135 1934 15
155 1868 219 1932 ὑπὸ
244 1872 286 1951 Β,
311 1871 343 1933 Γ
362 1869 425 1951 άρα
448 1870 557 1951 μεῖζόν
581 1867 649 1932 ἐστι
672 1869 708 1932 τὸ
732 1867 797 1932 ὑπὸ
821 1874 867 1951 Α,
891 1872 966 1932 ΔΕ.

219 2183 295 2250 Ἐάν
331 2187 495 2272 τριγώνου
527 2185 738 2271 ὀρθογωνίου
771 2187 835 2251 άπὸ
867 2196 924 2270 τῆς
956 2185 1067 2272 ἑτέρας
1098 2199 1170 2253 τῶν

155 2303 287 2374 γωνιῶν
315 2291 367 2357 ἐπὶ
394 2294 475 2377 μιάν
502 2303 570 2358 τῶν
597 2291 672 2376 περὶ
699 2294 760 2376 τὴν
787 2293 895 2378 ὀρθὴν
923 2293 1011 2378 ἄχθη
1040 2293 1168 2376 εὐθεῖα,

155 2397 174 2482 ἡ
198 2398 339 2483 ἀχθεῖσα
361 2399 445 2485 πρὸς
467 2401 528 2483 τὴν
551 2398 868 2484 άπολαμβανομένην
885 2398 943 2464 ὑπ’
964 2401 1065 2484 αὐτῆς
1082 2401 1169 2486 πρὸς

102 2525 136 2572 20
155 2516 194 2591 τῇ
221 2505 350 2594 καθέτῳ
378 2510 509 2591 μείζονα
532 2509 633 2589 λόγον
656 2509 721 2590 ἔχει
747 2507 829 2592 ἥπερ
855 2506 875 2589 ἡ
900 2505 931 2583 ἐξ
955 2505 1055 2591 ἀρχῆς
1084 2506 1168 2572 ὑπο-

155 2616 309 2679 τείνουσα
331 2615 392 2698 τὴν
416 2614 524 2699 ὀρθὴν
546 2613 629 2699 πρὸς
651 2614 711 2697 την
734 2620 917 2697 τμηθεῖσαν
934 2614 1081 2698 πλευράν
1099 2613 1166 2678 ὑπὸ

154 2729 211 2803 τῆς
234 2720 397 2804 ἀχθείσης.

220 2828 386 2911 τριγώνου
409 2829 472 2912 γάρ
496 2826 706 2912 ὀρθογωνίου
730 2835 790 2890 τοῦ
814 2830 918 2890 ΑΒΓ
939 2825 1048 2910 ὀρθὴν
1073 2829 1167 2909 ἔχον·

154 2955 209 3006 τος
236 2934 297 3015 τὴν
325 2938 357 2995 A
384 2937 510 3014 γωνίαν
537 2932 601 2997 άπὸ
628 2941 704 3016 μιᾶς
731 2943 798 2996 τῶν
826 2944 957 3014 γωνιῶν
980 2942 1037 3015 τῆς
1061 2935 1094 2996 Γ
1112 2929 1167 2997 ἐπὶ

227 3113 251 3159 1.
271 3104 319 3176 δή]
338 3105 373 3174 δὴ
394 3103 445 3161 οὖν
462 3125 489 3176 p.
563 3113 586 3162 3.
607 3107 650 3178 α’]
670 3124 724 3175 mg.
744 3124 776 3175 p,
795 3125 851 3176 mg.
865 3125 901 3162 m.
916 3123 969 3162 rec.
984 3106 1018 3175 V,
1042 3123 1096 3162 om.
1111 3123 1164 3174 νος

155 3181 184 3232 et
203 3175 243 3230 sic
262 3175 401 3245 deinceps.
484 3185 507 3232 ὁ.
528 3177 587 3249 ἔχη]
606 3194 658 3246 pc,
686 3177 741 3247 ἔχει
758 3178 814 3232 Vv.
897 3184 920 3232 6.
940 3177 995 3232 ὑπό
1010 3178 1088 3249 (pr.)]
1108 3178 1164 3232 ὑπὸ

154 3258 246 3319 vm·
339 3233 666 3320 11·ἡ(Ρε-)]τᾶεὴν-
745 3250 778 3319 Β]
798 3249 935 3318 τὴνΒο·
1027 3255 1069 3302 12·
1090 3250 1162 3320 ΛΕ]

154 3339 205 3408 τὴν
225 3340 280 3392 ΔΕ
298 3355 324 3406 p.
404 3342 444 3390 13.
464 3336 610 3408 ὑπό(ρε.)]
630 3337 685 3391 ὑπὸ
703 3346 758 3392 τῶν
776 3356 803 3406 p.
875 3339 924 3410 τῷ]
943 3356 969 3407 p,
988 3335 1021 3390 ίι
1035 3336 1069 3406 V,
1093 3353 1163 3390 corr.

155 3426 189 3462 ex
207 3409 238 3463 τό
256 3427 292 3462 m.
314 3414 327 3460 1
348 3424 375 3476 ο,
399 3416 454 3462 τῶν
472 3425 497 3462 V.
577 3414 617 3461 14.
636 3407 780 3480 ὑπόηιτη]
799 3408 854 3463 ὑπὸ
873 3418 928 3464 τῶν
946 3427 978 3478 p,
1003 3410 1035 3461 ut
1054 3425 1165 3478 semper

155 3515 195 3584 (in
212 3513 403 3584 rectangulis).
476 3513 618 3584 τοῦ(ει1ί.)]
638 3532 665 3582 p,
684 3513 715 3567 τό
734 3515 810 3568 ch.
880 3519 920 3569 18.
940 3515 1006 3585 τῶν]
1025 3531 1073 3583 pc,
1093 3491 1164 3584 JJV,
