2574 3882
157 151 202 212 '20
430 151 516 200 ΠΕΡΙ
535 149 749 202 ΚΤΛΙΝΔΡΟΤ
768 149 904 201 ΤΟΜΗΣ.

159 291 249 378 πέδῳ
269 293 363 380 ὀρθῳ
383 315 417 356 τε
435 293 518 376 πρὸς
536 293 573 355 τὸ
593 293 649 356 διὰ
668 301 727 357 τοῦ
747 291 863 369 άξονος
881 294 1185 377 παραλληλόγραμ-

160 423 225 484 μον
248 397 303 462 καὶ
326 407 479 464 ποιοῦντι
502 400 562 482 την
585 401 701 482 κοινὴν
724 401 827 482 τομὴν
851 399 887 464 ἐν
906 407 951 486 τῷ
969 403 1184 483 παραλληλο-

162 505 300 592 γράμμῳ
329 505 464 570 εὐθεῖαν
494 511 567 581 ίσας
593 502 654 589 μὲν
680 514 843 570 ποιοῦσαν
870 509 993 587 γωνίας
1019 516 1090 580 ταῖς
1115 514 1183 570 τοῦ

163 613 519 698 παραλληλογράμμου,
542 614 586 695 μη
609 612 821 697 παράλληλον
844 608 881 676 δὲ
904 608 1009 677 οὖσαν
1028 623 1099 688 ταῖς
1116 611 1183 694 βά-

127 729 234 794 σσεσι
270 728 329 783 τοῦ
362 719 721 805 παραλληλογράμμου,
757 720 777 802 ἡ
810 721 891 803 τομὴ
923 719 1043 794 κύκλος
1075 721 1182 800 ἔσται,

162 829 328 894 καλείσθω
363 822 399 890 δὲ
431 824 450 907 ἡ
479 825 615 907 τοιαύτη
645 825 756 909 ἀγωγὴ
787 835 846 889 τοῦ
875 822 1032 890 ἐπιπέδου
1059 823 1182 888 ὑπεν-

162 936 283 996 αυτία.

158 1093 161 1101 Α
229 1042 311 1104 ε”στω
340 1039 504 1121 σκαληνὸς
531 1039 723 1123 κύλινδρος,
756 1034 796 1103 οὗ
824 1039 861 1102 τὸ
889 1038 946 1102 διά
972 1046 1032 1101 τοῦ
1060 1035 1182 1114 άξουος

161 1149 505 1231 παραλληλόγραμμον
536 1149 616 1210 ἔστω
650 1147 687 1209 τὸ
718 1151 789 1208 ΑΛ
817 1146 900 1229 πρὸς
931 1144 1038 1229 ὀρθὰς
1067 1143 1107 1208 ὃν
1136 1153 1180 1228 τῇ

114 1262 146 1310 10
165 1253 274 1335 βάσει,
298 1253 470 1334 τετμήσθω
491 1247 527 1316 δὲ
546 1252 563 1316 ὁ
582 1253 760 1337 κύλινδρος
778 1249 833 1315 καὶ
853 1248 951 1338 ἑτέρῳ
971 1249 1113 1338 ἐπιπέδῳ
1131 1259 1181 1337 τῳ

162 1357 272 1421 ΕΖΗ
291 1357 384 1443 ὀρθῷ
408 1355 463 1421 καὶ
482 1357 570 1444 αὐτῷ
590 1360 672 1442 πρὸς
690 1359 727 1422 τὸ
747 1363 779 1421 Α
785 1364 817 1422 Δ
835 1360 1180 1443 παραλληλόγραμμον

162 1462 218 1529 καὶ
246 1472 399 1528 ποιοῦντι
428 1463 464 1528 ἐν
488 1463 576 1550 αὐτῷ
600 1466 717 1547 κοινὴν
740 1466 843 1548 τομὴν
866 1466 926 1548 την
949 1469 1022 1528 ΕΗ
1040 1464 1180 1528 εὐθεῖαν

162 1572 206 1654 μη
234 1570 446 1655 παράλληλον
475 1567 535 1654 μὲν
565 1583 636 1646 ταῖς
664 1575 744 1654 ΑΒ,
769 1575 846 1654 ΓΔ,
881 1577 954 1646 ίσας
986 1567 1023 1634 δὲ
1054 1573 1181 1653 γωνίας

163 1687 328 1742 ποιοῦσαν
355 1678 416 1760 τὴν
443 1673 504 1761 μὲν
530 1677 595 1742 ὑπὸ
619 1683 726 1742 ΗΕΑ
753 1687 792 1762 τη
820 1678 884 1742 ὑπὸ
908 1682 1025 1760 ΕΑΒ,
1053 1678 1114 1760 την
1141 1673 1180 1740 δὲ

112 1795 144 1842 15
163 1784 228 1849 ὑπὸ
257 1788 359 1848 ΕΗΒ
388 1793 427 1868 τῇ
454 1783 520 1849 ὑπὸ
549 1789 663 1848 ΑΒΗ.
711 1783 808 1868 λέγω,
837 1785 887 1849 ὅτι
915 1785 934 1868 ἡ
963 1788 1072 1848 ΕΖΗ
1094 1785 1178 1867 τομὴ

162 1892 283 1967 κύκλος
307 1891 406 1956 ἐστίν.

231 1999 383 2081 εἰλήφθω
407 2021 438 2061 τι
462 2011 598 2082 σημεῖον
622 1996 674 2063 ἐπὶ
693 2007 750 2081 τῆς
769 2001 842 2062 ΕΗ
857 1998 990 2074 εὐθείας
1008 1999 1044 2060 τὸ
1066 2001 1104 2080 Θ,
1123 1993 1180 2060 καὶ

163 2105 246 2188 πρὸς
269 2104 375 2189 ὀρθὰς
399 2114 437 2188 τη
461 2109 535 2169 ΕΗ
553 2107 647 2188 ἤχθω
671 2103 691 2187 ἡ
714 2109 775 2169 ΘΖ
794 2105 830 2169 ἐν
849 2114 894 2192 τῷ
913 2108 1021 2168 ΕΖΗ
1035 2101 1178 2189 ἐπιπέδῳ

165 2205 262 2276 οὖσα·
300 2211 320 2294 ἡ
345 2215 408 2274 ΖΘ
427 2213 491 2297 άρα
514 2211 655 2288 κάθετός
677 2211 767 2277 ἐστιν
791 2209 843 2276 ἐπὶ
867 2213 903 2276 τὸ
925 2216 994 2275 ΑΛ
1014 2210 1179 2276 ἐπίπεδον.

53 2379 58 2387 ,
111 2329 145 2376 20
165 2318 259 2400 ἤχθω
288 2318 344 2382 διὰ
376 2327 435 2382 τοῦ
470 2323 498 2382 Θ
530 2329 568 2404 τῇ
602 2323 668 2384 ΑΒ
696 2319 905 2403 παράλληλος
931 2318 951 2401 ἡ
979 2321 1096 2408 ΚΘΛ,
1123 2315 1180 2381 καὶ

164 2427 289 2488 κείσθω
313 2434 351 2509 τη
376 2429 441 2489 ΑΒ
464 2427 547 2512 πρὸς
570 2425 677 2510 ὀρθάς
699 2424 719 2507 η
741 2427 833 2506 ΜΝ,
856 2423 911 2489 καὶ
935 2425 991 2488 διδι
1013 2435 1080 2489 τῶν
1105 2429 1179 2508 ΖΘ,

166 2534 233 2594 ΚΛ
264 2531 358 2614 ἤχθω
392 2532 548 2597 ἐπίπεδον
575 2541 696 2596 ποιοῦν
726 2533 787 2614 τὴν
817 2535 851 2595 K
856 2535 919 2595 ΖΛ
946 2533 1059 2614 τομήν.
1110 2529 1180 2596 ἐπεὶ

164 2634 227 2702 οὖν
254 2637 274 2720 η
303 2643 386 2704 MN
404 2641 545 2716 κάθετός
573 2639 663 2703 ἐστιν
687 2635 740 2702 ἐπὶ
762 2639 823 2721 τὴν
846 2641 912 2702 ΑΒ
935 2639 1052 2721 κοινην
1075 2639 1179 2722 τομὴν

166 2755 233 2807 τῶν
253 2743 416 2808 ἐπιπέδων
436 2745 471 2809 ἐν
490 2755 535 2832 τῷ
554 2753 612 2827 της
630 2744 756 2827 βάσεως
775 2742 916 2830 ἐπιπέδῳ
932 2741 1025 2828 οὖσα,
1039 2744 1180 2820 κάθετος

113 2861 146 2908 25
166 2852 230 2933 ἄρα
259 2849 348 2913 ἐστὶν
376 2851 396 2933 ἡ
425 2855 507 2914 ΜΝ
531 2849 584 2915 ε’πὶ
612 2851 648 2914 τὸ
677 2855 746 2914 ΑΛ
775 2849 942 2915 ἐπίπεδον·
975 2851 1179 2936 παράλληλοι

167 2958 231 3040 άρα
259 2953 343 3019 είσὶυ
372 2957 408 3020 αι’
436 2961 512 3037 ΖΘ,
537 2961 622 3020 ΜΝ.
669 2956 873 3040 παράλληλοι
900 2953 937 3020 δὲ
965 2955 1019 3022 καὶ
1043 2959 1080 3022 αί
1100 2961 1178 3042 ΚΛ,

240 3226 263 3274 6.
284 3219 331 3289 -γὴ
350 3227 399 3273 τοῦ
419 3217 565 3290 ἐπιπέδου]
585 3218 636 3273 ine.
657 3219 687 3272 in
706 3238 760 3274 ras.
779 3239 815 3274 m.
837 3225 851 3273 1
871 3238 897 3289 p.
976 3225 1017 3274 14.
1037 3221 1106 3274 Post
1124 3221 1178 3276 ὑπό

167 3293 229 3360 (pr.)
248 3291 339 3345 lacun.
356 3289 489 3344 dimidiae
508 3291 565 3345 fere
582 3290 674 3344 lineae
688 3291 714 3345 V
727 3291 805 3362 (quia
819 3289 932 3345 Ιίλίοτεο
947 3307 981 3345 ex
995 3291 1085 3346 altera
1099 3294 1179 3360 parte

168 3363 295 3416 eiusdem
308 3361 369 3415 folii
385 3362 512 3416 chartam
525 3362 756 3434 maculauerant).
813 3368 854 3416 15.
874 3364 974 3434 ΑΒΗ]
989 3382 1016 3433 p,
1035 3367 1119 3416 ΑΗΒ
1128 3362 1178 3418 Vc.

206 3439 246 3487 16.
268 3430 353 3504 ἐστίν]
374 3432 449 3486 ἔσται
467 3453 492 3503 p.
563 3439 604 3488 18.
625 3433 717 3505 ἤχθω]
736 3433 817 3504 ἤχθω
837 3435 944 3487 εὐθεῖα
956 3452 982 3502 p.
1058 3439 1098 3488 19.
1118 3436 1178 3507 ΑΔ]

170 3521 245 3574 vcp,
265 3521 332 3558 eon.
354 3521 387 3558 ex
405 3508 459 3560 ΑΘ
477 3524 513 3560 m.
535 3514 548 3559 1
569 3505 602 3562 V.
676 3511 718 3559 20.
737 3506 783 3575 τῇ]
802 3522 833 3573 p,
853 3504 904 3572 τήν
923 3504 999 3560 ch.
