2574 3882
181 144 201 207 6
451 148 539 197 ΠΕΡΙ
557 147 771 198 ΚΤΛΙΝΔΡΟΤ
790 147 925 199 ΤΟΜΗΣ.

180 312 290 373 φαμεν
317 295 588 372 περιενεχθεῖσαν
619 289 761 375 γράφειν
793 292 854 374 τήν
881 291 1097 376 κυλινδρικήν
1126 290 1197 356 ἐπι-

182 394 333 478 φάνειαν.

248 521 315 575 τῶν
342 507 379 575 δέ
406 512 596 596 κυλίνδρων
623 510 723 596 ὀρθοὶ
751 508 812 596 μέν
841 513 875 576 οί
900 514 959 577 τὸν
986 511 1087 590 ἀξονα
1112 515 1198 598 πρὸς

181 617 289 702 ὀρθὰς
317 621 446 702 ἔχοντες
472 630 544 694 ταῖς
571 618 699 702 βάσεσι,
730 617 888 702 σκαληνοί
916 616 953 682 δὲ
981 621 1015 683 οί
1039 621 1083 703 μή
1112 621 1198 704 πρὸς

148 735 164 782 5
183 725 290 811 ὀρθάς
313 728 441 808 ἔχοντες
464 737 536 801 ταῖς
559 725 674 808 βάσεσι
696 727 755 790 τὸν
778 723 887 802 ἀξονα.

247 839 398 926 ὁριστέον
421 837 458 904 δέ
481 841 563 904 κατά
584 838 807 905 Ἀπολλώνιον
829 839 884 905 καί
906 841 997 906 τάδε·

246 956 351 1040 πάσης
382 956 555 1040 καμπύλης
584 966 734 1042 γραμμῆς
764 955 799 1021 έν
832 955 881 1021 ἑνὶ
919 956 1060 1044 ἐπιπέδῳ
1094 958 1198 1040 οὔσης

180 1063 353 1149 διάμετρος
379 1066 546 1128 καλείσθω
575 1063 691 1128 εὐθεῖά
718 1087 782 1146 τις,
808 1063 880 1146 ήτις
902 1063 1026 1148 ἠγμένη
1050 1065 1113 1129 ἀπὸ
1138 1075 1198 1148 τῆς

178 1171 349 1254 καμπύλης
371 1179 521 1254 γραμμῆς
542 1170 650 1246 πάσας
672 1171 730 1246 τὰς
753 1169 916 1253 ἀγομένας
939 1170 975 1235 έν
1001 1180 1039 1256 τῆ
1060 1181 1195 1257 γραμμῆ

131 1284 163 1332 10
182 1278 316 1351 εὐθείας
339 1277 455 1362 εὐθείᾳ
477 1275 544 1340 τινὶ
562 1278 795 1362 παραλλήλους
813 1278 889 1360 δίχα
908 1279 1039 1362 διαιρεῖ,
1062 1281 1196 1362 κορυφή

181 1379 218 1447 δέ
247 1392 305 1466 τῆς
342 1393 492 1468 γραμμῆς
526 1384 563 1446 τὸ
596 1381 697 1468 πέρας
726 1393 783 1466 τῆς
813 1383 946 1460 εὐθείας
975 1385 1012 1449 τὸ
1042 1386 1125 1468 πρὸς
1155 1394 1197 1469 τῆ

179 1499 326 1574 γραμμή,
358 1495 560 1573 τεταγμένως
590 1486 627 1552 δέ
656 1487 708 1554 ε’πί
736 1491 797 1573 τήν
825 1491 1003 1576 διάμετρον
1030 1498 1197 1575 κατῆχθαι

180 1594 319 1679 ἑκάστην
342 1607 410 1660 τῶν
431 1599 661 1680 παραλλήλων.

183 1738 185 1742 ’
247 1715 397 1794 συζυγεῑς
430 1707 467 1775 δὲ
500 1711 668 1796 διάμετροι
696 1715 942 1797 καλείσθωσαν,
975 1714 1098 1789 αἳτινες
1129 1713 1197 1779 ἀπὸ

131 1825 162 1872 15
181 1829 239 1903 τῆς
272 1827 424 1903 γραμμῆς
457 1817 660 1901 τεταγμένως
690 1818 844 1903 ἀχθεῖσαι
874 1818 927 1884 ἐπὶ
957 1821 1014 1896 τάς
1044 1823 1199 1902 συζυγεῑς

178 1924 375 2010 διαμέτρους
398 1924 519 2009 ὁμοίως
542 1925 643 2002 αὐτάς
665 1925 832 2010 τέμνουσι.

245 2042 407 2106 τοιούτων
443 2037 479 2104 δέ
513 2053 673 2126 γραμμῶν
707 2041 943 2126 ὑφισταμένων
972 2041 1027 2106 καὶ
1058 2042 1093 2107 ἐν
1122 2055 1198 2120 ταῖς

179 2152 334 2230 πλαγίαις
361 2159 474 2231 τομαῖς
501 2157 560 2212 τοῦ
588 2150 770 2234 κυλίνδρου
798 2149 818 2232 ή
843 2149 1014 2232 διχοτομία
1037 2159 1095 2232 τῆς
1122 2150 1198 2214 δια-

179 2254 300 2339 μέτρου
335 2253 473 2339 κέντρον
500 2263 558 2338 τῆς
584 2264 685 2338 τομῆς
711 2258 892 2337 καλείσθω,
921 2257 940 2340 ή
974 2253 1011 2320 δὲ
1040 2255 1103 2320 ἀπὸ
1131 2266 1195 2322 τοῦ
1270 2294 1272 2302 ·

127 2369 161 2417 20
179 2360 318 2446 κέντρου
338 2358 390 2426 ἐπὶ
408 2362 469 2445 τήν
487 2363 641 2445 γραμμήν
659 2365 911 2446 προσπίπτουσα
928 2362 963 2427 ἐκ
978 2372 1037 2427 τοῦ
1052 2362 1194 2447 κέντρου

179 2479 236 2553 τῆς
259 2476 417 2553 γραμμῆς·

245 2584 265 2667 ἡ
289 2581 325 2650 δὲ
349 2585 405 2648 διά
428 2593 488 2649 τοῦ
510 2583 649 2669 κέντρου
673 2593 730 2668 τῆς
753 2593 853 2668 τομῆς
876 2583 1194 2669 παρατεταγμένως

178 2691 384 2776 κατηγμένην
421 2691 561 2774 ἀχθεῖσα
596 2689 822 2776 περατουμένη
855 2691 920 2756 ὑπὸ
952 2701 1010 2775 τῆς
1042 2702 1195 2776 γραμμῆς

179 2796 317 2882 δευτέρα
347 2797 521 2882 διάμετρος
547 2802 726 2863 καλείσθω·
764 2799 973 2881 δειχθήσεται
996 2800 1059 2885 γάρ
1085 2798 1195 2874 πάσας

125 2912 159 2964 25
179 2907 236 2980 τάς
268 2902 430 2988 ἀγομένας
462 2903 498 2968 έν
530 2915 568 2990 τῇ
595 2915 678 2990 τομή
706 2905 795 2989 παρὰ
822 2907 883 2988 τήν
911 2906 1087 2992 διάμετρον
1114 2906 1194 2988 δίχα

178 3010 351 3095 τέμνουσα.

250 3300 275 3347 4.
296 3289 429 3362 σκαληνοί
450 3325 481 3331 -
503 3298 527 3346 5.
547 3290 654 3364 βάσεσι]
675 3308 727 3346 om.
747 3310 773 3360 p.
859 3300 881 3347 7.
901 3292 970 3346 Post
988 3301 1115 3362 γραμμῆς
1134 3293 1188 3348 del.

177 3365 209 3419 τὸ
228 3362 315 3433 πέρας
333 3372 382 3433 τῆς
401 3361 516 3426 εὐθείας
535 3381 557 3417 c.
614 3368 637 3417 9.
653 3361 745 3425 πάσας
761 3395 792 3402 -
810 3369 850 3417 11.
866 3365 1003 3435 γραμμῆς]
1023 3383 1050 3433 p,
1070 3365 1188 3419 om.Vc.

215 3442 256 3489 10.
276 3435 406 3504 κορυφήν
426 3451 514 3504 comp.
535 3434 621 3487 dubio
639 3453 666 3502 p.
745 3441 786 3486 12.
806 3443 942 3504 κατῆκται
960 3453 982 3489 ο.
1061 3441 1102 3488 16.
1122 3433 1188 3505 δίχα

177 3504 308 3575 τέμνουσι
327 3505 437 3575 ΗωΠεγ.
511 3511 552 3560 19.
572 3505 588 3574 ἡ
609 3503 640 3558 δέ
656 3537 689 3545 -
704 3511 746 3559 24.
761 3503 913 3577 καλείσθω]
932 3524 987 3575 mg.
1002 3525 1038 3560 m.
1056 3516 1068 3558 1
1084 3525 1103 3575 p
1122 3505 1189 3575 (κεί-
