2574 3882
532 885 815 960 PRAEFATIO.

1 1157 2 1162 η
23 1079 44 1152 ζ,
661 1060 686 1124 Ι.

27 1181 74 1242 ⁸30
231 1185 375 1272 Codices,
394 1186 513 1270 quibus
531 1186 563 1249 in
581 1185 643 1250 hac
662 1185 803 1250 editione
822 1207 901 1249 usus
916 1207 997 1270 sum,
1015 1185 1067 1250 his
1085 1186 1178 1272 siglis

164 1295 293 1359 notaui:

20 1420 44 1430 ”
163 1418 195 1483 V
213 1456 257 1464 —
281 1417 349 1482 cod.
368 1415 549 1480 Uaticanus
574 1437 708 1502 graecus
731 1416 812 1501 206,
835 1417 984 1501 bombyc.
1008 1438 1089 1482 saec.
1113 1417 1178 1483 XII

211 1523 349 1608 -XHI3
367 1546 397 1586 u.
413 1522 461 1587 ed.
476 1521 642 1606 Apollonii
655 1521 673 1586 Ι
690 1545 720 1608 p.
734 1521 789 1587 IV.
818 1522 919 1588 habet
932 1523 988 1588 fol'.
1003 1525 1176 1590 161-193

210 1629 367 1695 Serenum
402 1630 440 1694 de
474 1629 616 1694 sectione
649 1629 801 1717 cylindri,
837 1629 893 1694 fol.
923 1631 1106 1696 194-239
1139 1631 1177 1696 dc

209 1737 352 1802 sectione
386 1737 468 1802 coni.
525 1741 689 1802 correctus
722 1741 773 1802 est
805 1742 838 1802 et
865 1759 964 1802 manu
991 1741 1007 1801 1
1043 1741 1076 1803 et
1102 1759 1177 1803 raro

210 1865 307 1908 manu
340 1844 507 1928 aliquanto
540 1843 719 1909 recentiore
753 1841 808 1931 (m.
832 1840 881 1931 2)3
912 1848 1081 1928 praeterea
1113 1844 1177 1909 alia

209 1972 323 2015 manus
356 1950 456 2014 etiam
488 1951 650 2016 recentior
677 1948 733 2038 (m.
757 1947 792 2038 3)
820 1955 947 2035 partem
975 1951 1176 2035 superiorem

206 2057 278 2121 folii
292 2059 356 2124 237
376 2061 410 2121 et
422 2055 503 2121 folia
516 2057 692 2122 238-239
712 2057 877 2142 suppleuit
891 2055 935 2144 (p
946 2059 1020 2143 276,
1037 2059 1177 2142 14-18,

206 2187 235 2248 p.
247 2164 474 2249 278,12-15,
487 2187 517 2248 p.
528 2164 603 2248 280,
613 2163 633 2228 9
643 2201 680 2212 —-
689 2165 763 2246 302,
772 2161 822 2250 4);
841 2164 978 2248 denique
988 2163 1175 2228 Matthaeus

205 2269 365 2334 Deuarius
389 2269 433 2356 (u.
455 2270 503 2334 ed.
525 2269 677 2355 Apollon.
696 2269 729 2334 H
751 2293 780 2354 p.
799 2268 894 2357 XVI)
921 2270 1078 2335 nonnulla
1105 2292 1174 2335 cor-

205 2375 299 2460 rexit,
321 2375 415 2461 plura
438 2376 611 2461 adscripsit
633 2377 668 2440 in
686 2375 833 2462 margine
855 2374 911 2463 (m.
925 2374 1011 2464 rec).
1050 2375 1174 2442 contuli

206 2481 451 2548 Romae1894‚

160 2612 180 2652 v
203 2625 248 2634 -
271 2589 339 2653 cod.
358 2587 537 2654 Uaticanus
562 2608 696 2673 graecus
716 2590 791 2673 203,
813 2589 962 2673 bombyc.
983 2609 1064 2652 saec.
1083 2585 1175 2672 XIII3

209 2715 239 2756 u.
258 2694 305 2757 ed.
324 2693 477 2779 Apollon.
496 2694 513 2759 I
535 2717 565 2778 p.
584 2693 624 2758 V.
663 2694 764 2759 habet
786 2693 842 2759 fol.
862 2693 994 2759 84-90
1018 2693 1174 2759 Serenum

206 2798 244 2862 de
268 2799 410 2864 sectione
430 2799 567 2884 cylindri
590 2799 659 2864 sine
677 2799 774 2864 titulo
793 2797 951 2887 (σερήνου
968 2805 1084 2885 postca
1102 2801 1172 2866 add.

204 2904 239 2969 in
262 2925 325 2990 mg.
332 2956 341 2990 ,
368 2905 403 2969 in
426 2906 489 2970 fine
513 2906 656 2990 σερήνου
680 2905 860 2982 ἀντισσέως
883 2910 1074 2992 φιλοσόφου
1097 2905 1173 2992 περὶ

204 3009 530 3099 κυλίνδρουιτομῆς),
553 3012 609 3077 fol.
629 3013 759 3078 90-98
783 3014 821 3078 de
845 3014 987 3078 sectione
1011 3014 1083 3078 coni
1103 3014 1171 3078 sine

203 3119 310 3205 titulo,
334 3119 442 3183 omnia
464 3141 567 3204 usque
590 3120 631 3184 ad
652 3143 684 3204 p.
704 3121 778 3203 300,
797 3120 841 3184 20
864 3119 975 3184 eadem
993 3141 1090 3184 manu
1111 3120 1172 3183 ele-

205 3225 297 3311 ganti
329 3230 362 3290 et
394 3226 547 3290 adcurate
579 3226 712 3311 scripta,
750 3247 814 3309 qua
847 3223 968 3291 Conica
995 3225 1173 3311 Apollonii,

203 3356 233 3416 p.
251 3332 325 3416 300,
345 3332 387 3397 20
397 3355 466 3416 sqq.
489 3354 568 3397 uero
591 3354 689 3396 manu
711 3331 898 3417 neglegenti
922 3333 1065 3398 eiusdem
1089 3335 1169 3396 tem-

203 3437 302 3525 poris,
321 3460 403 3522 quac
420 3440 532 3504 eadem
545 3438 600 3503 fol.
618 3439 725 3504 1-55
745 3439 876 3524 scripsit
895 3437 965 3525 (cfr.
976 3438 1171 3524 Apollonll

202 3568 233 3630 p.
256 3543 327 3632 XI).
374 3545 554 3630 descriptus
577 3549 628 3609 est
651 3567 667 3610 e
691 3544 722 3609 V
746 3542 790 3630 (u.
814 3545 963 3629 Apollon.
987 3545 1019 3610 Π
1042 3568 1072 3630 p.
1094 3544 1171 3630 XV3

549 3723 821 3842 334944
945 3803 948 3806 -
