2594 3878
161 209 204 273 84
430 209 518 260 ΠΕΡΙ
536 207 752 259 ΚΤΛῙΝΔΡΟΤ
769 207 905 261 ΤΟΜΗΣ.

160 358 230 418 ΑΔ
252 351 400 436 πλευράν
422 351 443 434 ῆ
463 354 540 416 ΓΔ·
564 350 715 434 ἐλαχίστη
738 351 803 431 ἀρα
826 347 916 415 ἐστὶν
934 350 954 434 ή
974 353 1038 415 ΓΔ
1056 362 1177 416 πασῶν

159 470 227 524 τῶν
245 469 317 534 ταῖς
330 463 411 541 ΑΔ,
427 461 487 522 ΓΒ
501 459 724 543 παραλλήλοις
737 455 979 542 ε’μπιπτουσῶν.
1005 459 1177 541 είλήφθω-

160 582 224 630 σαν
247 562 300 648 ἐφ’
326 562 462 649 ἑκάτερα
485 572 545 628 τοῦ
568 570 602 628 Δ
625 569 694 628 ίσαι
717 562 846 628 εὐθεῖαι
869 564 907 628 αί
927 567 1003 647 ΕΔ,
1022 569 1096 648 ΔΖ,
1119 563 1177 630 καὶ

160 671 408 755 ἐπεζεύχθωσαν
431 671 469 735 αί
486 673 557 754 ΕΓ,
572 673 645 734 ΓΖ·
670 676 724 754 ίσῆ
747 671 812 756 ἀρα
833 668 854 752 ῆ
873 673 942 734 ΕΓ
954 678 994 755 τῆ
1013 674 1083 735 ΖΓ.
1115 671 1177 736 έάν

126 791 142 838 ο
162 774 224 845 οὖν
242 778 325 843 κατά
342 779 402 842 τὸν
419 774 689 863 παραδεδομένον
706 779 831 862 τρόπον
849 774 1024 860 ἀγάγωμεν
1037 777 1093 842 διά
1106 788 1178 844 τῶν

161 888 236 968 ΓΕ,
261 888 321 950 ΓΖ
345 884 496 967 ἐπίπεδα,
523 894 614 968 τεμεῖ
638 883 697 948 τὸν
719 883 910 969 κύλινδρον.
954 881 1095 968 τεμνέτω
1118 883 1178 950 καὶ

159 994 292 1058 ποιείτω
324 992 383 1067 τὰς
414 993 532 1074 ΕΗΓ,
561 993 663 1054 ΖΘΓ
693 989 861 1068 ἐλλείψεις.
917 987 1000 1072 λέγω
1033 991 1089 1074 δή,
1121 991 1176 1056 ὅτι

160 1099 273 1184 ὅμοιαί
293 1100 387 1164 είσιν.

227 1203 296 1270 ἐπεὶ
328 1203 405 1289 γάρ,
438 1203 483 1280 ὡς
513 1203 551 1267 τὸ
580 1201 643 1267 ἀπὸ
671 1211 729 1286 τῆς
755 1205 823 1266 ΕΓ
844 1203 927 1288 πρὸς
954 1203 991 1267 τὸ
1019 1201 1082 1268 ἀπὸ
1114 1212 1177 1288 τῆς

108 1324 140 1372 10
161 1315 239 1395 ΓΑ,
272 1310 378 1386 οὕτως
408 1311 446 1374 τὸ
479 1308 543 1374 ἀπὸ
570 1317 628 1392 τῆς
656 1311 723 1373 ΖΓ
743 1309 826 1394 πρὸς
852 1309 890 1374 τὸ
918 1307 982 1374 ἀπὸ
1009 1317 1068 1393 τῆς
1098 1313 1176 1395 ΓΑ,

160 1418 244 1482 ἀλλά
266 1411 386 1508 τὸμὲν
410 1415 473 1480 ἀπὸ
496 1423 554 1499 τῆς
576 1418 645 1479 ΕΓ
661 1415 744 1501 πρὸς
766 1416 803 1480 τὸ
832 1414 896 1481 ἀπὸ
923 1423 982 1499 τῆς
1009 1419 1074 1480 ΓΑ
1102 1415 1176 1482 ἐστι

159 1525 196 1589 τὸ
221 1522 284 1588 ἀπὸ
307 1530 365 1605 τῆς
382 1523 453 1585 ΕΓ
470 1519 649 1606 διαμέτρου
671 1529 730 1604 τῆς
751 1530 853 1607 τομῆς
874 1523 957 1606 πρὸς
977 1523 1014 1587 τὸ
1034 1521 1096 1587 ἀπὸ
1115 1531 1177 1606 τῆς

160 1625 259 1714 ἑαυτῆ
283 1632 445 1710 συζυγοῦς
467 1625 656 1713 διαμέτρου,
679 1628 716 1692 τὸ
740 1624 777 1692 δέ
795 1627 859 1694 ἀπὸ
877 1637 936 1712 τῆς
955 1631 1021 1693 ΖΓ
1034 1630 1116 1715 πρὸς
1132 1631 1175 1695 τὸ

160 1734 223 1799 ἀπὸ
247 1743 305 1819 τῆς
323 1737 388 1799 ΓΑ
411 1733 480 1799 ε’στι
502 1734 540 1800 τὸ
564 1733 627 1799 ἀπὸ
645 1743 703 1818 τῆς
722 1737 789 1799 ΖΓ
801 1733 980 1822 διαμέτρου
997 1743 1056 1820 τῆς
1072 1745 1178 1820 τομῆς

107 1855 140 1902 15
159 1842 242 1928 πρὸς
269 1842 306 1906 τὸ
335 1840 398 1906 ἀπὸ
426 1849 484 1925 τῆς
511 1844 674 1923 συζυγοῠς
700 1838 799 1926 ἑαυτῆ
827 1839 1019 1928 διαμέτρου,
1046 1839 1101 1906 καί
1127 1841 1177 1920 ὡς

160 1950 224 2034 ἀρα
255 1947 276 2030 ῆ
308 1951 377 2012 ΕΓ
403 1947 577 2033 διάμετρος
608 1948 691 2030 πρὸς
722 1949 783 2032 τήν
816 1945 915 2034 ἑαυτῆ
947 1952 1070 2033 συζυγῆ
1100 1949 1176 2013 διά-

159 2078 294 2141 μετρον,
327 2054 413 2119 οὕτω
444 2052 499 2118 καὶ
530 2053 550 2136 ἡ
582 2057 648 2118 ΖΓ
672 2053 846 2140 διάμετρος
874 2056 958 2142 πρὸς
984 2055 1044 2138 τήν
1072 2053 1175 2141 ἑαυτῆ

160 2164 284 2246 συζυγῆ
313 2160 497 2246 διάμετρον.
548 2159 630 2226 ἀλλὰ
657 2159 713 2225 καὶ
740 2163 823 2248 πρὸς
850 2167 923 2238 ίσας
951 2164 1075 2244 γωνίας
1100 2159 1175 2246 τέμ-

159 2289 275 2332 νονται
299 2267 335 2332 ἐν
359 2264 494 2354 ἑκατέρᾳ
516 2267 554 2331 αί
574 2267 753 2354 διάμετροι,
777 2267 822 2344 ὡς
845 2267 978 2352 ἐδείχθη
1001 2267 1175 2344 πολλάκις·

107 2386 141 2435 20
160 2374 271 2459 ὅμοιαι
299 2375 362 2461 ἀρα
390 2373 546 2457 ἀλλήλαις
573 2371 658 2438 είσὶν
686 2375 723 2438 αί
743 2377 858 2460 ΕΗΓ,
883 2377 985 2439 ΖΘΓ
1003 2373 1174 2453 ἐλλείψεις.

225 2480 288 2547 κάν
311 2479 422 2567 ἑτέρας
445 2477 482 2546 δέ
505 2479 672 2566 ἀπολάβῆς
696 2487 768 2558 ίσας
786 2481 920 2558 εὐθείας
936 2478 1014 2567 παρ’
1036 2479 1174 2568 ἑκάτερα

151 2597 218 2653 ’τοῦ
241 2594 285 2672 Δ,
308 2589 527 2674 συστήσονται
549 2587 651 2652 πάλιν
673 2585 781 2674 ἕτεραι
801 2588 863 2652 δύο
883 2587 1042 2666 ἐλλείψεις
1060 2587 1173 2674 ὅμοιαι

159 2694 323 2780 ἀλλήλαις.

226 2799 463 2886 έπισήμαντίον
495 2799 546 2884 δέ,
578 2801 628 2866 ὅτι
661 2798 714 2865 ε’πὶ
741 2809 801 2866 τοῦ
827 2801 1009 2887 κυλίνδρου
1043 2800 1172 2885 ἀνάγκη

108 2919 142 2968 25
161 2907 219 2983 τὰς
242 2906 277 2971 έκ
300 2916 360 2972 τοῦ
383 2907 487 2972 αὐτοῦ
505 2903 626 2996 μέρους
649 2905 764 2990 ὁμοίας
786 2905 841 2972 καὶ
865 2913 937 2984 ίσας
954 2902 1039 2973 εἶναι
1058 2908 1114 2972 διά
1132 2909 1172 2974 τὸ

160 3087 372 3094 ——--—---——.

230 3211 255 3259 4.
278 3205 346 3275 ΖΓ]
368 3208 463 3273 ΓΖμ.
544 3209 567 3258 7.
588 3206 694 3276 ΕΗΓ]
715 3209 845 3274 ΓΗΕῙ).
923 3206 1171 3277 10.PA(pr.)]p,

159 3283 298 3331 Aecorr.
314 3293 349 3329 m.
366 3282 379 3329 1
395 3275 508 3330 litterae
527 3281 552 3330 Δ
572 3274 691 3330 similem
704 3275 737 3345 V,
759 3281 807 3331 ΓΔ
821 3293 867 3331 vc.
931 3282 971 3331 11.
991 3275 1058 3349 ἐστι]
1073 3293 1126 3331 om.
1141 3295 1170 3346 p.

187 3354 237 3438 ΙΙλ.
256 3355 305 3417 τῆς
322 3347 419 3419 τομῆς]
438 3344 495 3402 ἐστί
512 3365 539 3417 p.
613 3353 654 3401 13.
675 3345 771 3419 ἑαυτῆ]
790 3348 846 3416 V?,
866 3345 967 3402 ἑαυτοῦ
986 3364 1033 3438 ομ.
1106 3349 1171 3402 δια-

160 3420 393 3562 ίῐλλίλῗιλ
413 3507 440 3560 ,‚
464 3425 505 3473 14·
524 3417 745 3561 λῗλλλιλλ
765 3426 819 3544 λλ.
836 3420 933 3559 {VV
946 3417 1170 3564 λῆμά]

161 3577 213 3616 om.
230 3579 257 3630 p.
330 3563 448 3634 γωνίας]
467 3580 494 3631 p,
515 3557 621 3632 ῖίσας
634 3561 667 3630 V,
690 3559 763 3632 Ιίσας
781 3577 803 3616 c.
878 3566 918 3616 19.
938 3560 985 3632 ἐν]
1000 3561 1033 3632 V,
1053 3577 1105 3616 om.
1121 3579 1170 3632 ep.
