2574 3882
406 211 455 260 uu
475 209 652 261 suorrous
671 210 852 263 crurum.
1093 208 1135 270 27

122 357 157 417 K
177 353 306 438 quidem
329 352 363 417 iu
385 353 482 438 plano
504 356 610 416 ZEH
614 356 642 417 Θ
665 357 723 417 est.
765 353 918 438 quoniam
942 357 1051 417 autem
1071 355 1136 417 ΓΔ

120 460 156 525 in
177 459 274 545 plano
296 463 434 524 ΖΕΗΘ
456 464 506 524 esl
529 464 562 523 eb
584 459 620 522 in
641 481 678 522 ea
697 459 842 542 positum
860 462 901 543 K,
924 464 1084 544 puuctum
1103 463 1138 524 K

119 567 156 631 in
185 567 283 651 plano
313 570 450 631 ΖΕΗΘ
482 566 627 650 positum
656 570 714 630 est.
764 565 874 651 ilaque
902 569 937 630 K
963 571 995 632 et
1023 571 1074 632 est
1100 567 1136 630 in

120 675 218 758 plano
242 679 275 738 el
297 696 364 738 non
386 678 450 760 est3
473 675 560 758 quod
581 673 653 738 fieri
675 695 741 738 non
759 677 876 758 potest.
919 695 996 760 ergo
1017 677 1082 738 ΓΔ
1099 674 1136 738 in

121 781 289 864 superficie
312 803 379 845 uon
401 786 459 845 est.

187 886 253 952 iam
281 909 358 951 uero
387 892 478 952 extra
506 909 577 952 eam
606 887 663 972 sit,
691 891 723 952 et
752 891 884 972 sumpto
907 886 943 950 in
965 909 1043 952 arou
1065 891 1139 952 ΕΗ

121 997 243 1076 punelo
269 994 378 1078 aliquo
402 997 434 1058 Λ
457 995 594 1058 dueatur
616 997 694 1058 KA.
740 997 809 1058 ΚΛ
831 993 934 1079 igilur
956 993 992 1056 in
1014 999 1135 1058 utram-

121 1123 183 1185 que
218 1105 345 1185 partem
381 1101 539 1185 producta
574 1104 724 1164 neutram
756 1105 918 1164 reolarum
951 1104 1036 1181 ΕΗ,
1071 1104 1134 1164 ΖΘ

120 1208 256 1294 secabil3
293 1229 392 1291 quare
424 1209 493 1270 ΚΛ
524 1206 560 1269 in
590 1207 688 1289 plano
723 1209 863 1270 ΖΕΗΘ
894 1227 961 1270 nou
994 1205 1068 1290 eril3
1101 1211 1134 1270 et

121 1315 246 1400 reliqua
268 1312 442 1378 manifesla
465 1317 549 1376 sunl.

600 1504 655 1571 IX.

190 1630 224 1697 Si
248 1632 411 1716 cylindrus
435 1633 532 1717 plano
556 1637 684 1696 secatur
701 1652 805 1714 neque
824 1631 956 1697 basibus
976 1631 1132 1715 parallelo

120 1761 224 1823 neque
252 1738 415 1804 contrario
442 1761 546 1822 neque
573 1760 632 1822 per
659 1760 752 1804 axem
774 1739 882 1822 posito
906 1761 1010 1822 neque
1033 1739 1131 1824 plano

120 1867 178 1930 per
206 1868 298 1910 axem
325 1845 434 1930 posito
457 1845 625 1930 parallelo,
655 1845 756 1910 seebio
779 1867 882 1929 neque
907 1845 1045 1910 oiroulus
1070 1845 1132 1910 erit

120 1975 224 2036 neque
246 1953 352 2038 figura
373 1952 549 2018 rectilinea.

188 3335 233 3400 sit
259 3335 436 3420 cylindrus,
468 3335 560 3400 ouius
587 3335 680 3400 bases
709 3335 775 3400 sint
802 3341 849 3420 A,
880 3339 909 3400 Β
937 3335 1063 3420 oirouli‚
1098 3339 1131 3399 el

121 3441 218 3528 plano
242 3445 368 3506 seoelur
390 3463 494 3524 neque
517 3439 650 3505 basibus
669 3441 824 3526 parallelo
842 3461 947 3522 neque
967 3441 1130 3505 contrario

122 3569 225 3632 neque
252 3570 310 3632 per
339 3569 430 3612 axem
453 3569 557 3632 neque
581 3547 634 3612 axi
656 3547 811 3633 parallelo
834 3546 951 3631 positu.
997 3546 1132 3630 planum
