2594 3878
192 205 256 268 140
506 205 592 255 ΠΕΡΙ
611 205 739 257 Κοαον
758 185 892 256 Τοκιικ.

189 361 228 434 νή
252 349 317 413 ὑπὸ
341 353 451 412 ΑΒΗ
476 355 552 431 ίσην
575 351 653 432 ἔχει·
686 347 774 433 ὀρθή
797 350 860 432 γὰρ
885 345 1032 432 ἑκατέρα·
1064 344 1141 430 περὶ
1166 343 1201 409 δὲ

189 458 290 532 ἄλλας
313 459 436 538 γωνίας
458 457 516 531 τδις
538 456 682 540 πλενρδις
705 454 885 537 ἀνάλογον,
916 451 1050 538 ἑκατέρα
1073 449 1111 517 δέ
1134 464 1201 517 τῶν

188 568 315 627 λοιπῶν
341 576 408 628 τῶν
435 563 500 628 ὑπὸ
523 567 641 645 ΕΒΗ,
661 566 766 626 ΑΗΒ
795 561 939 626 ἐλάττων
967 559 1056 624 ἐστίν
1084 559 1200 646 ὀρθής,

189 671 286 753 ὅμοια
309 671 373 754 ἄρα
397 667 466 734 ἐστὶ
489 671 528 733 τδι
550 673 705 754 τρίγωνα.
743 669 787 744 ὡς
805 670 869 753 ἄρα
888 668 907 751 ή
927 671 1000 732 ΕΗ
1019 669 1102 752 πρὸς
1121 671 1200 750 ΗΒ,

153 777 294 852 σοῦτως
316 777 336 860 ή
355 781 421 841 ΑΒ
444 778 527 860 πρὸς
545 781 627 840 ΗΒ·
653 783 706 858 λ’σή
725 778 789 861 ἄρα
808 776 828 859 ή
847 779 913 839 ΑΒ
936 783 975 858 τή
995 778 1073 838 ΕΗ.
1112 773 1199 838 έλοίτ-
1280 803 1281 840 ι

187 906 254 947 των
278 879 314 947 δὲ
336 883 357 966 ή
376 887 450 947 ΕΗ
468 893 526 966 τής
549 881 583 947 ἐκ
604 892 664 946 τοῦ
682 881 822 967 κέντρου
841 891 898 964 τῆς
917 885 995 944 ΒΕ·
1019 879 1075 944 καὶ
1093 881 1114 964 ή
1134 885 1198 946 ΑΒ
1280 897 1281 974 j

187 991 251 1074 ἄρα
279 989 367 1068 ἄξων
395 986 479 1056 οὖσα
506 999 566 1055 τοῦ
589 991 700 1054 κώνου
729 989 872 1053 ἐλάττων
896 986 964 1052 ἐστὶ
992 997 1051 1070 τής
1079 987 1114 1051 ἐκ
1139 996 1200 1052 τοῦ

186 1095 336 1181 κέντρου·
362 1096 379 1161 ὃ
403 1095 571 1182 προέκειτο
596 1095 708 1174 δείξαι.

253 1203 322 1269 ἐπεὶ
345 1207 462 1268 τοίνυν
485 1203 619 1286 ἐδείχθη
639 1201 692 1267 ἐπὶ
710 1204 929 1287 παραλλήλων
947 1212 1015 1265 τῶν
1035 1204 1105 1283 ΓΛ,
1125 1205 1196 1283 ΕΖ,

134 1324 166 1372 10
187 1313 345 1396 φανερόν,
369 1311 422 1393 ὡς,
445 1309 508 1374 κᾶν
530 1312 574 1394 μή
597 1309 801 1395 παράλληλοι
825 1305 917 1390 ὦσιν,
940 1304 1042 1372 οὐδὲν
1065 1308 1198 1373 διοίσει·

185 1417 319 1500 ἐδείχθη
347 1417 426 1501 γάρ,
458 1417 503 1492 ώς
525 1417 565 1480 τὰ
589 1423 662 1492 ίσας
689 1419 805 1500 έχοντα
833 1415 945 1498 βάσεις
967 1417 1114 1499 τρίγωνα
1142 1421 1194 1480 ίσα

185 1523 262 1587 ἐστί.

663 1646 719 1712 ια’.

256 1775 330 1835 Τῶν
348 1771 459 1836 αὐτῶν
478 1773 586 1837 ὄντων
605 1770 762 1854 δεικτέον,
786 1773 847 1853 ὅτι,
870 1771 928 1835 έδιν
947 1772 1071 1856 διαχθῇ
1095 1770 1195 1837 πάλιν

131 1891 163 1938 15
184 1878 340 1942 ἐπίπεδον
363 1878 483 1962 τέμνον
506 1880 564 1943 τὸν
587 1891 696 1944 κῶνον
720 1879 775 1944 διδι
799 1888 856 1962 τής
876 1887 1026 1964 κορυφῆς
1048 1876 1104 1942 καὶ
1123 1901 1194 1943 ποι-

183 1993 245 2048 οῦν
274 1985 372 2078 ἐνιτή
396 1985 490 2068 βάσει
513 1987 650 2050 εὐθεῖαν
678 1995 723 2073 τῷ
747 1984 879 2068 μεγέθει
903 1983 1022 2069 μεταξὺ
1045 1997 1113 2050 τῶν
1137 1986 1193 2068 βοί-

182 2107 268 2155 σεων
290 2103 357 2156 τῶν
382 2099 464 2156 ίσων
486 2094 673 2178 τριγώνων,
702 2092 807 2157 ἐκεῖνο
834 2093 872 2156 τὸ
894 2095 1060 2177 τρίγωνον
1083 2095 1194 2175 μεῖζον

182 2199 271 2260 ἔσται
295 2195 450 2282 ἑκατέρου
472 2209 540 2262 τών
564 2205 646 2262 λ’σων
669 2201 849 2284 τριγώνων.

248 2307 330 2368 ε”στω
354 2305 417 2389 γὰρ
446 2302 499 2368 ἐπὶ
527 2314 584 2387 τής
611 2304 726 2387 ὁμοίας
752 2314 966 2391 καταγραφῆς
992 2305 1029 2368 τὸ
1054 2305 1110 2369 διὰ
1134 2314 1194 2370 τοῦ

128 2423 161 2472 20
180 2409 297 2489 ἄξονος
311 2415 476 2496 τρίγωνον
489 2413 526 2476 τὸ
542 2414 641 2476 ΑΓΛ
660 2418 734 2476 ίσον
748 2422 793 2500 τῷ
808 2412 907 2495 βάσιν
921 2415 1028 2495 ἔχοντι
1043 2414 1105 2495 τήν
1119 2417 1192 2494 ΕΖ,

179 2517 234 2582 καὶ
249 2521 377 2603 διήχθω
392 2528 539 2604 τυχοῦσα
553 2519 573 2603 ή
588 2523 669 2584 ΚΜ
682 2517 814 2603 μεγέθει
829 2517 948 2602 μεταξὺ
962 2529 1029 2582 τῶν
1045 2521 1116 2602 ΓΔ,
1129 2524 1192 2584 ΕΖ

178 2624 233 2689 καὶ
257 2623 392 2713 ἑκατέρᾳ
416 2626 527 2691 αὐτῶν
545 2629 670 2690 κείσθω
688 2626 907 2710 παράλληλος,
930 2623 985 2690 καὶ
1003 2625 1135 2709 διήχθω
1155 2628 1191 2690 τὸ

179 2719 344 2796 ἐπίπεδον.
377 2731 460 2815 λέγω
475 2734 527 2816 δή,
551 2734 601 2798 ὅτι
615 2734 652 2796 τὸ
667 2738 699 2796 Α
704 2735 785 2796 ΚΜ
797 2735 962 2817 τρίγωνον
976 2735 1086 2816 μεῖζόν
1102 2733 1193 2798 ἐστιν

178 2835 333 2922 ἑκατέρου
356 2849 424 2902 τῶν
446 2842 554 2921 ΑΓΛ,
574 2843 683 2903 ΑΕΖ.

125 2955 158 3003 25
244 2945 417 3026 τετμήσθω
442 2946 504 3026 γδιρ
528 2946 629 3009 πάλιν
656 2944 770 3028 δίχαή
795 2949 876 3009 ΚΜ
897 2955 943 3033 τῷ
967 2950 1012 3028 Λ,
1041 2945 1096 3011 καὶ
1120 2947 1190 3012 έπε-

178 3050 370 3132 ζεώχθωσαν
393 3051 430 3113 αί
446 3055 524 3133 ΑΛ,
544 3055 620 3134 ΒΚ,
639 3055 714 3115 ΒΛ.
752 3049 820 3116 ἐπεὶ
845 3058 918 3116 ίσον
941 3050 1009 3116 ἐστὶ
1032 3055 1070 3117 τὸ
1090 3058 1191 3119 ΑΓΔ

248 3356 270 3403 1.
291 3349 390 3419 ΑΒΗ]
410 3353 493 3402 ΑΗΒ
513 3367 535 3403 ο.
615 3357 639 3405 3,
661 3353 867 3474 ΕΒΗχΕΗΒ
886 3351 968 3421 ch,
993 3369 1061 3407 corr.
1082 3353 1188 3407 Comm.

211 3425 235 3473 ὁ,
256 3421 321 3490 ΗΒ]
342 3423 399 3473 ΒΗ
414 3438 441 3488 p.
516 3428 538 3474 7,
559 3419 727 3492 έλώττων]μ

176 3505 243 3576 οριτ.
264 3507 298 3543 ex
316 3492 408 3580 κήπου
427 3508 463 3543 m.
485 3497 498 3543 1
520 3507 541 3545 ο.
581 3561 587 3582 Ι
615 3491 683 3545 3-
703 3493 804 3564 δεῖξαι]
823 3493 857 3560 V,
883 3511 936 3549 om.
957 3511 1003 3563 cp.
1044 3564 1050 3574 .
1079 3502 1120 3550 11.
1140 3495 1189 3619 τάχ

174 3579 224 3620 τας
243 3577 265 3612 c.
339 3563 411 3632 ισας]
431 3578 499 3615 corr.
520 3578 553 3615 ex
572 3561 619 3616 ίσα
637 3581 673 3616 m.
695 3570 708 3616 1
728 3582 754 3631 p.
829 3572 869 3619 21.
890 3566 1002 3635 μεταξύ]
1021 3566 1066 3618 b1s
1085 3585 1118 3635 p,
1139 3584 1169 3620 se

728 3467 735 3491 ,
769 3425 867 3476 λαττον
885 3422 939 3477 Vc.
1013 3428 1036 3476 8.
1057 3423 1188 3496 κέντρον]
