2594 3878
162 220 206 283 90
432 223 520 276 ΠΕΡΙ
537 222 752 274 ΚΤΛΙΝΔΡΟΤ
770 222 906 274 ΤΟΜΗΣ.

160 379 225 430 σαν
248 359 309 430 οὖν
333 363 368 428 ἐκ
391 375 459 429 τῶν
481 363 715 449 ἀντικειμένων
737 376 847 450 μερῶν
865 365 903 429 αί
919 370 951 429 Α
958 369 1001 449 Θ,
1021 367 1089 429 ΓΚ
1107 370 1177 429 ίσαι
1279 335 1282 418 ἶ

163 467 260 536 οὖσαι
288 470 458 555 ἀλλήλαις,
490 469 537 536 δι’
568 467 616 536 ὧν
644 471 702 536 ἐὰν
730 471 819 557 ἀχθῇ
850 471 987 536 ἐπίπεδα
1013 480 1176 537 ποιοῦντα
1281 485 1282 494 ³

164 576 337 662 ἐλλείψεις,
369 581 474 662 ἔσται,
504 578 549 654 ὡς
569 580 612 643 τὸ
637 579 704 643 ἀπὸ
732 588 790 662 τῆς
819 583 885 643 ΘΑ
912 575 1090 664 διαμέτρου
1119 588 1177 662 τῆς

164 683 337 762 ἐλλείψεως
358 686 441 771 πρὸς
463 687 500 750 τὸ
524 683 588 750 ἀπὸ
611 695 668 768 τῆς
686 692 719 750 Α
725 689 762 769 Γ,
785 683 935 750 τουτέστι
949 686 1036 771 πρὸς
1050 687 1091 750 νδ
1109 684 1175 750 ἀπὸ
1276 679 1280 686 ’

129 800 221 875 ὁτῆς
244 795 405 874 συζυγοῦς
428 790 526 876 ἑαυτῇ
550 791 738 878 διαμέτρου,
762 792 867 868 οὕτως
889 793 926 856 τὸ
949 791 1013 856 ἀπὸ
1035 799 1093 875 τῆς
1111 795 1183 856 ΚΓ

163 897 341 985 διαμέτρου
364 908 421 982 τῆς
444 898 618 976 ἐλλείψεως
639 901 722 984 πρὸς
744 900 781 963 τὸ
809 897 872 963 ἀπὸ
898 907 956 982 τῆς
977 902 1057 982 ΑΓ,
1081 922 1176 963 τουτ-

162 1003 252 1070 έστιν
283 1006 328 1082 ὡς
361 1007 398 1072 τὸ
431 1005 495 1071 ἀπὸ
527 1016 584 1090 τῆς
615 1009 686 1070 ΚΓ
712 1004 889 1092 διαμέτρου
917 1015 974 1089 τῆς
1001 1005 1177 1083 ἐλλείψεως

159 1114 243 1200 πρὸς
273 1115 310 1179 τὸ
338 1112 402 1178 ἀπὸ
432 1122 490 1197 τῆς
515 1117 678 1195 συζυγοῦς
706 1111 892 1198 διαμέτρου.
942 1113 979 1176 αί
1004 1113 1069 1197 ἀρα
1096 1115 1175 1196 ΚΓ,

161 1226 193 1284 A
200 1225 229 1285 Θ
251 1219 423 1305 διάμετροί
443 1221 528 1284 είσιν
550 1217 883 1306 δμοίωνξέλλείψεων.

109 1355 143 1404 10
227 1347 363 1409 Κείσθω
395 1344 496 1409 πάλιν
527 1343 548 1426 ἡ
576 1347 770 1431 καταγραφὴ
800 1353 860 1408 τοῦ
887 1344 1013 1427 κώνου,
1040 1341 1095 1408 καὶ
1124 1342 1175 1408 ἐκ-

160 1453 340 1534 βληθείσης
362 1459 420 1533 τῆς
439 1455 499 1515 ΓΒ
524 1449 576 1514 ἐπὶ
598 1451 725 1536 θάτερα
747 1450 825 1515 δέον
848 1454 930 1515 έστω
955 1448 1010 1515 ἀπ’
1032 1448 1175 1534 ἀμφοτέ-

160 1580 230 1642 ρων
265 1567 332 1621 τῶν
367 1569 477 1642 μερῶν
514 1556 650 1640 ἀγαγεῖν
686 1557 823 1622 ἐπίπεδα
858 1566 1021 1622 ποιοῦντα
1056 1556 1174 1641 ὁμοίας

160 1663 328 1740 ἐλλείψεις.

227 1770 356 1854 διήχθω
384 1794 434 1847 τις
461 1772 508 1847 είς
534 1772 593 1836 τὸν
615 1773 739 1836 κύκλον
762 1771 878 1836 εὐθεῖα
900 1771 1111 1856 παράλληλος
1134 1777 1174 1854 τῇ

110 1888 143 1936 15
162 1880 230 1941 ΒΓ
251 1875 271 1960 ἡ
296 1881 374 1960 ΠΡ,
401 1875 457 1942 καὶ
485 1876 724 1962 ἐπιζευχθεῖσαι
756 1879 793 1942 αί
819 1882 904 1960 ΛΠ,
928 1881 996 1941 ΑΡ
1021 1877 1175 1961 ἐκβεβλή-

161 1991 300 2049 σθωσαν
322 1981 375 2048 ἐπὶ
398 1985 438 2048 τά
457 1989 497 2069 Σ,
521 1988 551 2048 Τ
565 1996 694 2069 σημεῖα·
731 1985 776 2060 ὡς
799 1986 862 2068 ἀρα
885 1983 905 2066 ἡ
925 1987 998 2048 ΛΣ
1012 1984 1095 2070 πρὸς
1113 1985 1176 2068 τὴν

160 2095 242 2174 ΣΠ,
266 2091 371 2166 οὕτως
394 2089 414 2173 ἡ
433 2095 506 2155 AT
522 2093 606 2175 πρὸς
627 2093 689 2174 τὴν
712 2095 777 2154 ΤΡ.
814 2088 869 2154 καί
893 2090 937 2167 ὡς
960 2091 1025 2176 ἀρα
1047 2091 1084 2156 τὸ
1109 2090 1173 2155 ἀπὸ

160 2204 218 2279 τῆς
240 2201 312 2260 ΑΣ
336 2197 419 2282 πρὸς
445 2199 483 2262 τὸ
510 2197 575 2262 ὑπὸ
603 2208 670 2262 τῶν
699 2202 782 2280 ΑΣ,
806 2202 892 2281 ΣΠ,
919 2195 1068 2262 τουτέστι
1091 2198 1175 2284 πρὸς

160 2303 197 2368 τὸ
220 2302 286 2367 ὑπὸ
309 2315 376 2368 τῶν
401 2306 478 2387 ΓΣ,
496 2307 573 2387 ΣΒ,
597 2304 702 2381 οὕτως
724 2305 762 2368 τὸ
785 2303 849 2368 ἀπὸ
872 2313 929 2387 τῆς
948 2309 1021 2369 AT
1034 2306 1118 2390 πρὸς
1136 2305 1173 2369 τὸ

108 2421 142 2470 20
159 2409 225 2474 ὑπὸ
248 2420 316 2474 τῶν
334 2414 407 2493 AT,
427 2414 492 2494 TP,
516 2408 664 2475 τουτέστι
687 2412 770 2496 πρὸς
791 2413 828 2476 τὸ
851 2410 916 2475 ὑπὸ
935 2423 1002 2476 τῶν
1020 2415 1090 2495 BT,
1110 2414 1173 2476 ΤΓ.

161 2515 219 2581 ἐὰν
243 2518 307 2604 ἀρα
325 2529 396 2593 ταῖς
414 2521 494 2600 ΣΑ,
514 2523 545 2581 A
556 2521 586 2580 Τ
599 2519 829 2601 παραλλήλους
847 2517 981 2594 εὐθείας
1000 2517 1175 2603 ἀγάγωμεν

161 2623 197 2689 ἐν
219 2633 265 2712 τῷ
288 2625 450 2712 τριγώνῳ,
474 2624 519 2700 ὡς
541 2624 599 2700 τὰς
621 2628 694 2708 ΒΤ,
719 2627 799 2706 ΓΦ,
822 2623 876 2688 καὶ
900 2622 945 2688 δι’
971 2625 1081 2690 αὐτῶν
1106 2625 1174 2690 ἐπί-

160 2732 244 2795 πεδα
270 2739 432 2796 ποιοῦντα
455 2730 629 2814 ἐλλείψεις,
652 2734 784 2796 ἔσονται
806 2731 863 2794 διὰ
885 2732 926 2795 τά
948 2731 1106 2807 πολλάκις
1129 2733 1174 2795 εί-

161 2834 285 2922 ρημένα
315 2838 352 2900 αί
379 2841 456 2920 ΒΥ,
486 2840 551 2901 ΓΦ
578 2837 708 2902 εὐθεῖαι
738 2836 862 2921 ὁμοίων
893 2835 1068 2914 ἐλλείψεων
1102 2835 1174 2901 διά-

108 2954 142 3003 25
161 2965 283 3027 μετροι.

227 3063 294 3130 Καὶ
322 3069 483 3151 φανερόν,
507 3067 557 3131 ὅτι
585 3078 624 3153 τῇ
653 3066 716 3132 ἀπὸ
744 3076 803 3132 τοῦ
833 3067 935 3132 αὐτοῦ
961 3065 1084 3153 μέρους
1106 3078 1174 3133 τῶν

163 3173 288 3259 ὁμοίων
311 3171 488 3251 ἐλλείψεων
515 3175 654 3260 συζυγίᾳ
676 3176 805 3256 γίνεταί
826 3196 875 3250 τις
898 3174 995 3258 ὁμοία
1018 3173 1082 3239 ἀπὸ
1106 3186 1173 3238 τῶν

161 3277 395 3365 ἀντικειμένων
422 3290 531 3366 μερῶν
559 3279 683 3364 ὁμοίων
707 3279 883 3359 ἐλλείψεων
906 3283 1059 3365 συζυγία,
1083 3279 1173 3346 ἀντι-

237 3506 243 3526 ,
395 3411 562 3561 ,ἐπίπεδοί
581 3454 603 3491 ο.
686 3445 710 3492 5.
731 3439 874 3525 συζυγοῶς]
894 3434 1021 3526 συζυγοῦς,
1039 3437 1072 3493 V.
1147 3443 1171 3492 6.

160 3510 309 3576 διαμετρου
327 3516 376 3577 τῆς
408 3509 550 3579 λλείψεως]
571 3523 650 3562 euan.
665 3527 692 3577 p.
769 3510 921 3580 τουτεστιυ]
940 3525 1063 3564 τουτεστι
1081 3527 1108 3578 p.

197 3583 219 3633 7.
239 3579 276 3640 ὡς
290 3611 323 3619 -
339 3579 495 3650 ἐλλείψεως]
515 3595 568 3633 om.
583 3596 610 3647 p.
668 3584 692 3633 8.
713 3580 856 3652 συζυγοῦς]
876 3599 918 3635 -ο-
938 3597 952 3634 ε
971 3595 1040 3635 corr.
1055 3598 1091 3634 m.
1108 3586 1122 3634 1
1137 3579 1171 3649 V,

231 3444 255 3492 2.
275 3437 395 3492 ἐπίπεδα
