2574 3882
404 211 453 260 DE
473 210 649 262 SEOTIONE
668 209 848 262 CYLINDRI.
1092 209 1130 270 11

187 352 231 416 sit
273 353 452 438 cylindrus,
493 354 584 418 cuius
625 354 720 418 bases
758 353 824 417 sint
862 353 973 418 circuli
1011 351 1132 417 circum

120 465 167 543 A,
190 464 218 524 Β
242 465 354 525 centra
377 459 545 544 descripti,
574 460 643 524 axis
667 464 776 524 autem
799 464 889 524 recta
911 464 991 542 ΑΒ,
1020 464 1053 524 et
1075 481 1133 544 per

728 570 792 630 AB
829 566 964 650 planum
996 567 1133 630 ducatur

726 673 908 757 cylindrum
935 695 1061 753 secans3
1090 672 1133 736 ef·

725 780 812 844 ficiet
831 779 933 864 igitur
951 779 986 842 in
1002 778 1131 843 circulis

166 793 668 1012 ν-Ιὲ
724 891 831 951 rectas
853 888 929 968 ΓΛ,
948 889 1025 968 ΕΖ,
1049 907 1131 969 quae

150 1023 175 1068 A
622 1028 647 1070 Ζ
726 992 876 1057 diametri
885 995 971 1075 sunt,
979 991 1014 1054 in
1024 1013 1133 1075 super-

728 1099 799 1163 ficie
846 1103 955 1162 autem
996 1097 1133 1180 cylindri

117 1207 221 1270 lineas
245 1208 356 1288 ΕΗΓ,
378 1209 451 1268 ΖΛ.
494 1203 573 1288 dico,
598 1209 768 1288 utramque
791 1204 911 1268 lineam
934 1207 1008 1267 ΕΗ
1010 1205 1046 1286 Γ,
1065 1208 1098 1266 Δ
1105 1207 1132 1266 Ζ

117 1316 242 1376 rectam
265 1333 344 1375 esse.

185 1441 261 1482 nam
294 1417 322 1481 si
354 1417 425 1480 fieri
455 1422 578 1502 potest,
610 1440 649 1481 ne
683 1418 749 1482 sint
781 1423 900 1501 rectae,
931 1419 1130 1502 ducaturque

118 1527 208 1588 recta
222 1526 328 1589 ΕΘΓ.
365 1523 519 1608 quoniam
538 1523 640 1610 igitur
658 1525 744 1589 linea
758 1527 866 1589 ΕΗΓ
879 1528 912 1588 et
928 1528 1017 1588 recta
1032 1527 1136 1588 ΕΘΓ

3 1607 14 1660 ”
117 1631 154 1694 in
171 1629 269 1715 plano
284 1635 351 1694 ΕΛ
369 1631 495 1714 positae
514 1631 639 1696 suntin
653 1631 782 1715 punctis
797 1636 836 1714 E,
852 1634 884 1695 Γ
894 1635 1132 1715 concurrentes,

116 1741 152 1801 et
175 1737 262 1801 linea
284 1740 392 1802 ΕΗΓ
410 1738 445 1800 in
468 1738 636 1821 superficie
660 1739 797 1823 cylindri
820 1738 929 1822 posita
951 1742 1015 1821 est,
1043 1741 1132 1802 recta

120 1847 224 1908 ΕΘΓ
244 1844 279 1908 in
302 1844 471 1928 superficie
495 1845 632 1929 cylindri
655 1845 762 1929 posita
785 1867 851 1909 non
874 1849 932 1908 est.
978 1843 1132 1928 quoniam

117 1950 222 2036 igitur
249 1951 361 2016 circuli
384 1957 430 2033 A,
454 1955 482 2014 Β
511 1955 544 2015 et
572 1952 722 2034 aequales
750 1956 783 2015 et
810 1951 958 2035 paralleli
987 1955 1063 2014 sunt
1086 1973 1133 2014 se-

118 2062 297 2141 canturque
330 2081 349 2121 a
374 2058 472 2142 plano
500 2063 582 2141 EA,
615 2081 801 2123 communes
830 2081 942 2122 eorum
971 2057 1130 2121 sectiones

120 2163 294 2248 parallelae
318 2164 680 2250 sunt[Eucl.Xl‚16].
721 2187 835 2230 uerum
859 2164 957 2228 etiam
981 2163 1130 2249 aequales

122 2274 211 2354 sunt3
235 2275 311 2335 sunt
334 2271 420 2335 enim
444 2272 627 2355 aequalium
651 2271 845 2336 circulorum
869 2271 1026 2335 diametri.
1073 2271 1132 2334 ita-

119 2398 183 2460 que
211 2377 238 2440 si
261 2378 468 2442 manentibus
491 2378 620 2462 punctis
645 2384 691 2460 A,
714 2382 742 2441 Β
766 2379 941 2442 diametros
964 2384 996 2442 A
1004 2381 1044 2460 Γ,
1068 2381 1133 2441 ΒΕ

117 2483 306 2548 finxerimus
321 2489 444 2549 rectam
453 2488 556 2549 ΕΘΓ
565 2507 622 2568 per
635 2485 773 2549 circulos
784 2490 826 2566 A,
835 2488 864 2546 Β
875 2484 1131 2569 circumagentes

120 2593 154 2652 et
180 2612 293 2654 rursus
320 2589 505 2672 restitutas²
533 2595 622 2655 reeta
644 2593 748 2654 ΕΘΓ
768 2588 971 2672 superficiem
994 2589 1131 2672 cylindri

118 2695 282 2760 describet
305 2696 381 2779 [def.
403 2696 445 2780 1]‚
469 2701 501 2760 et
520 2701 677 2780 punctum
698 2700 727 2760 Θ
745 2695 779 2759 in
798 2695 966 2780 superficie
985 2695 1055 2759 erit.
1098 2701 1132 2760 at

118 2806 212 2865 extra
243 2802 388 2886 positum
420 2808 503 2882 erat;
536 2804 621 2888 quod
653 2803 723 2867 fieri
755 2824 822 2866 non
852 2807 971 2886 potest.
1021 2801 1131 2886 itaque

118 2912 228 2973 ΕΗΓ
258 2913 348 2974 recta
384 2913 441 2974 est.
498 2908 648 2974 similiter
685 2915 794 2974 autem
831 2910 930 2974 ctiam
968 2915 1042 2974 ZA.
1099 2917 1131 2976 et

117 3020 225 3080 rectas
248 3021 326 3100 EZ,
350 3020 416 3082 ΓΔ
439 3018 588 3101 aequales
612 3022 645 3081 et
667 3018 838 3102 parallelas
861 3018 1010 3103 iungunt.
1052 3041 1130 3104 ergo

118 3127 186 3186 EA
212 3124 554 3209 parallelogrammum
581 3128 631 3189 est
659 3124 765 3209 [Euol.
789 3124 819 3208 I,
846 3125 918 3208 33];
947 3126 1033 3208 quod
1061 3131 1131 3189 erat

117 3217 414 3295 demonstrandum.

117 3420 349 3492 ἐπιζευγνυούσης
367 3441 393 3478 v.
474 3429 516 3477 24.
538 3427 599 3490 EZ,
616 3427 665 3477 ΓΔ
697 3429 754 3492 ΓΔ,
771 3427 824 3477 ΕΖ
842 3442 869 3493 p.
944 3423 1012 3494 ΕΔ]
1034 3426 1085 3476 ΓΖ
1102 3442 1129 3493 p.

154 3491 494 3620 ΞΗωῶΨηῃ
578 3425 994 3565 ΜΔΜΜἎΜᾼ
1069 3494 1123 3562 Q

120 3561 183 3632 ἑξῆς
201 3564 232 3618 τὸ
252 3573 342 3635 σχῆμα
392 3584 409 3619 v
428 3566 483 3635 (fig.
504 3564 533 3620 in
552 3584 607 3634 mg.
629 3568 690 3634 est).
