2574 3882
168 200 211 263 66
440 203 527 252 ΠΕΡΙ
543 199 760 254 ΚΤΛΙΝΔΡΟΤ
778 201 915 254 ΤΟΜΗΣ.

642 415 706 482 κα’.

236 559 357 622 Κώνου
396 557 555 636 δοθέντος
590 556 646 622 καὶ
678 557 850 636 ἐλλείψεως
883 556 918 622 ἐν
951 556 1039 644 αὐτῷ
1072 556 1185 642 εὑρείν

168 666 351 751 κύλινδρον
373 668 574 750 τεμνόμενον
596 673 635 749 τῇ
659 665 741 751 αὐτῇ
765 664 907 742 ἐλλείήει
930 671 990 728 τοῦ
1013 663 1134 728 κώνου.

237 792 318 854 ἐστω
347 789 364 855 ὁ
394 787 509 866 δοθεὶς
530 800 651 872 κῶνος,
679 785 719 854 οὗ
742 791 779 854 τὸ
804 790 860 853 διδι
886 797 946 852 τοῦ
975 785 1091 866 ἄξονος
1119 791 1185 872 τρί-

134 913 279 978 5χωνον
306 897 343 961 τὸ
366 899 481 980 ΑΒΓ,
508 895 528 978 ἡ
557 893 594 960 δὲ
621 897 760 960 δοθεῖσα
789 894 824 960 ἐν
848 895 936 982 αὐτῷ
960 897 1118 978 ἔλλειψις,
1145 889 1184 976 ἧς

171 1003 345 1088 διάμετρος
367 1001 388 1085 ή
408 1007 480 1087 ΖΕ,
504 1003 575 1085 ἥτις
598 1001 808 1086 ἐκβεβλήσθω
833 1000 885 1066 ἐπὶ
906 1001 943 1066 τὸ
962 1007 1005 1085 Δ,
1027 999 1085 1064 καὶ
1101 1021 1183 1086 παρ-

169 1111 309 1194 ιίλλήλος
332 1117 371 1194 τή
396 1114 461 1173 ΖΔ
479 1108 499 1192 ή
519 1114 605 1193 ΑΜ,
629 1107 683 1173 καὶ
706 1119 773 1174 τών
796 1113 884 1192 ΒΜ,
902 1111 980 1172 ΜΓ
998 1105 1079 1192 μέση
1104 1107 1182 1171 ἀνύ-

169 1223 270 1300 λοχον
294 1219 375 1281 έστω
399 1215 419 1298 ἡ
439 1220 528 1300 ΜΗ,
551 1214 606 1281 καὶ
626 1215 808 1300 ἐπεζεύχθω
827 1215 847 1298 ἡ
866 1219 947 1298 ΑΗ,
966 1212 1021 1278 καὶ
1040 1214 1096 1277 διδι
1116 1224 1184 1278 τῶν

171 1330 198 1389 Ζ
221 1321 277 1388 καὶ
296 1327 327 1386 Ε
344 1327 488 1406 σημείων
506 1333 545 1408 τή
564 1327 641 1387 ΑΗ
654 1323 858 1408 παράλληλοι
876 1322 1036 1405 ήχθωσαν
1054 1321 1092 1384 αί
1110 1325 1184 1403 ΖΘ,

116 1447 150 1495 10
170 1433 282 1512 ΚΕΛ,
300 1427 356 1492 καὶ
375 1430 671 1512 συμπεπληρώσθω
690 1430 727 1493 τὸ
748 1433 813 1493 ΘΛ
831 1429 1184 1513 παραλληλόγραμμον.

170 1537 228 1603 ἐὰν
252 1537 293 1620 δή
316 1536 488 1619 νοήσωμεν
510 1536 702 1621 κύλινδρον,
725 1531 766 1600 οὗ
786 1535 883 1618 βύσις
901 1531 961 1619 μὲν
980 1533 997 1598 ὁ
1016 1531 1092 1618 περὶ
1111 1533 1181 1596 διοί-

168 1666 289 1729 μετρον
311 1643 373 1725 τήν
399 1644 466 1705 ΘΚ
484 1643 614 1725 κύκλος,
637 1642 674 1706 τὸ
698 1638 734 1705 δὲ
758 1643 814 1706 διὰ
835 1649 896 1706 τοῦ
919 1639 1036 1718 ἄξονος
1057 1645 1182 1726 παραλ-

169 1751 403 1835 ληλόγραμμον
425 1749 462 1812 τὸ
484 1752 558 1831 ΘΛ,
579 1750 669 1813 ἐσται
692 1745 747 1813 καὶ
770 1748 874 1835 ἐντῷ
897 1749 1064 1834 κυλίνδρῳ
1088 1748 1182 1830 τομή,

168 1852 207 1940 ἧς
230 1856 403 1942 διάμετρός
425 1853 515 1919 ἐστιν
538 1854 558 1937 ν]
579 1860 668 1919 ΖΕ..
696 1854 817 1939 ὁμοίως
840 1855 880 1938 δή
904 1863 949 1942 τῷ
972 1855 1036 1941 πρὸ
1059 1855 1182 1918 τούτου

116 1979 149 2028 15
168 1965 359 2049 θεωρήματι
379 1962 588 2045 δειχθήσεται
606 1960 661 2026 καλ
680 1961 700 2044 ι]
719 1959 856 2048 δευτέρα
875 1961 1049 2047 διάμετρος
1062 1959 1083 2043 ἡ
1098 1961 1181 2044 αὐτή

169 2065 253 2134 οὖσα
275 2066 330 2132 καλ
350 2077 452 2132 πίεσαι
475 2069 512 2132 αί
527 2067 731 2152 τεταγμένως
754 2067 919 2153 ἀγόμεναι.
964 2067 1099 2154 εὕρηται
1118 2069 1182 2150 ἄρα

168 2177 356 2260 κύλινδρος,
379 2173 416 2250 ὃς
438 2173 588 2258 τέμνεται
606 2183 645 2259 πή
665 2176 803 2260 δοθείσῃ
823 2175 964 2252 ἐλλείψει
983 2183 1043 2238 τοῦ
1062 2172 1182 2238 δοθέν-

169 2306 224 2360 τος
246 2283 370 2348 κώνον·
394 2281 473 2368 ὅπερ
497 2282 564 2346 ἐδει
586 2289 729 2365 ποιήσαι.

592 2563 596 2571 ’
641 2565 705 2649 νβ’.

115 2744 149 2792 20
234 2729 429 2814 Κυλίνδρου
452 2725 613 2802 δοθέντος
635 2724 690 2790 καὶ
714 2724 886 2802 ἐλλείψεως
907 2725 943 2790 έν
962 2725 1051 2812 αὐτῷ
1070 2725 1182 2808 εὑρεῖν

168 2847 277 2901 κῶνον
300 2837 500 2918 τεμνόμενον
522 2843 561 2918 τῇ
585 2832 668 2918 αὐτή
693 2831 833 2909 ἐλλείψει
855 2840 915 2896 τοῦ
938 2833 1129 2917 κυλίνδρου.

241 3139 265 3186 6.
289 3131 479 3203 ἐκβεβλήσθω]
504 3129 567 3203 ἐκβε
590 3132 658 3184 extr.
678 3128 726 3184 lin.
748 3147 769 3184 ο.
851 3127 912 3202 ἐπί]
935 3131 984 3186 καί
1004 3129 1180 3200 συμπιπτέτω

168 3215 201 3279 τῇ
221 3209 276 3260 ΒΓ
291 3202 364 3258 κατά
381 3221 407 3272 p.
489 3203 530 3273 Δ]
548 3218 623 3270 vop,
648 3217 663 3255 e
681 3219 749 3256 corr.
768 3219 805 3257 m.
826 3208 840 3256 1
860 3202 893 3256 V.
981 3208 1004 3257 7.
1024 3204 1101 3275 AM]
1121 3208 1186 3257 AM

169 3274 362 3348 συμπίπτουσα
389 3283 422 3346 τῇ
446 3279 499 3328 ΒΔ
526 3271 692 3345 ἐκβληθείσχ
720 3272 792 3328 κατὰ
819 3273 850 3328 τὸ
876 3277 912 3326 Μ
933 3291 959 3341 p.
1051 3275 1128 3400 τῶν]
1152 3293 1179 3344 p,

167 3359 216 3420 τῆς
233 3349 287 3404 Vc,
365 3352 406 3402 11.
426 3344 587 3415 κύλινδρον]
608 3361 659 3399 om.
679 3363 698 3414 p
717 3347 785 3400 extr.
804 3344 853 3399 lin.
932 3350 973 3398 13.
993 3344 1025 3400 ἐν
1042 3347 1091 3418 τῷ]
1127 3363 1180 3400 στω

168 3422 251 3490 ch,
279 3437 347 3474 corr.
368 3418 471 3474 Comm.
557 3412 707 3490 κυλίνδρῳ]
726 3416 759 3485 V,
787 3414 975 3484 κυλίνδρουρ
1000 3419 1029 3470 εί
1046 3433 1136 3486 comp.
1157 3434 1179 3470 ο.

206 3491 315 3616 14.νδη’]
334 3488 367 3546 δέ
385 3507 407 3544 e.
500 3493 541 3542 18.
562 3486 629 3556 ὅπερ
650 3487 705 3542 ἔδει
724 3487 851 3560 ποιῆσαι]
871 3504 923 3542 om.
941 3505 969 3556 p.
1058 3494 1099 3542 19.
1119 3488 1179 3560 κβ]

169 3581 222 3618 οω.
269 3606 274 3617 .
