2574 3882
402 248 451 297 DE
471 247 647 298 SECTIONE
666 247 846 298 GYLINDRI.
1088 244 1133 308 39

119 396 153 456 et
191 391 354 476 cylindrus
392 394 532 475 secetur,
568 394 606 454 ut
638 389 790 474 diximus,
822 390 920 474 plano
954 390 1132 456 sectionem

118 499 275 564 efficienti
316 500 469 581 ΕΖΗΘ,
515 497 562 561 ita
602 501 640 561 ut
680 496 946 562 concurrentibus
989 497 1132 562 sectione

788 606 929 667 ΕΖΗΘ
971 603 1133 689 planoque

787 709 875 772 basis
900 715 932 772 A
939 713 971 774 Γ
991 733 1134 776 commu·

788 815 839 879 nis
868 816 970 880 sectio
994 821 1062 881 ΚΛ
1093 817 1133 882 ad

736 925 762 950 “
788 926 911 988 rectam
948 925 1049 986 ΓΑΛ
1089 924 1134 988 sit

788 1028 1077 1113 perpendicularis,
1101 1034 1134 1093 et

789 1157 808 1198 a
850 1135 992 1200 sectione
1029 1139 1137 1199 EZH

753 1301 757 1310 .
788 1245 877 1306 recta
905 1241 1014 1325 aliqua
1041 1242 1135 1305 duca

789 1352 843 1412 tur
858 1353 936 1412 ZM
944 1353 1050 1412 rectae
1065 1351 1134 1418 KA

788 1454 944 1539 parallela
963 1455 1135 1538 producta-

790 1583 851 1645 que
862 1561 902 1625 ad
917 1561 1053 1626 alteram
1062 1583 1135 1645 par-

788 1673 856 1734 tem
873 1667 1135 1752 superficieiter-
1243 1696 1246 1702 ·

790 1775 932 1840 minetur
945 1775 980 1838 in
997 1779 1033 1839 Θ.
1055 1774 1136 1858 dieo,

108 1880 243 1946 rectam
268 1881 345 1942 ZM
361 1879 397 1942 in
415 1883 489 1944 ΕΗ
508 1881 630 1966 cadere,
653 1885 686 1946 et
709 1903 779 1946 esse
801 1886 878 1946 ZM
889 1912 930 1934 =
945 1885 1029 1946 ΜΘ.
1192 1959 1194 1964 ¹

188 1985 340 2068 quoniam
382 1986 468 2050 enim
509 1987 545 2050 in
586 1987 728 2052 sectione
769 1991 879 2052 ΕΖΗ
915 1991 1022 2052 rectae
1063 1989 1099 2050 K
1103 1990 1135 2051 Λ

120 2090 275 2175 parallela
298 2091 394 2156 ducta
417 2097 467 2156 est
489 2097 575 2176 ΖΜ,
598 2093 685 2157 intra
707 2094 1049 2180 parallelogrammum
1069 2096 1135 2158 ΓΔ

121 2197 208 2262 cadit
231 2197 335 2282 [prop.
354 2198 426 2283 ΧΠ.
468 2203 500 2264 et
524 2199 678 2284 quoniam
701 2206 789 2273 recta
809 2205 888 2265 ΖΜ
905 2201 1082 2284 posita‘est
1099 2201 1136 2266 in

120 2305 218 2389 plano
246 2309 400 2390 ΕΖΗΘ,
428 2311 461 2370 et
488 2311 562 2372 ΕΗ
585 2307 653 2372 eius
682 2307 1042 2394 parallelogrammique
1069 2310 1135 2372 ΓΔ

121 2411 302 2476 communis
326 2417 376 2476 est
399 2413 515 2498 sectio,
540 2418 617 2478 ZM
634 2414 669 2477 in
691 2418 766 2478 ΕΗ
785 2414 879 2478 cadit.

189 2540 258 2583 esse
273 2523 382 2583 autem
398 2523 523 2584 ZM=
533 2524 622 2604 ΜΘ,
637 2524 669 2584 et
682 2520 791 2604 ipsum
803 2542 862 2605 per
874 2520 1136 2604 propositionem

121 2624 366 2708 praecedentem
389 2625 598 2690 manifestum
622 2630 680 2690 est.
1031 2618 1034 2626 ¹

189 2730 348 2816 reliquum
381 2736 445 2817 est,
476 2737 513 2796 ut
546 2733 818 2818 demonstremus,
849 2737 972 2798 rectam
999 2736 1069 2797 ΚΛ
1094 2733 1136 2797 ad

119 2841 228 2902 ΕΗΛ
259 2838 556 2922 perpendicularem
584 2861 667 2924 esse,
702 2839 730 2902 si
758 2839 923 2924 cylindrus
951 2843 1059 2904 rectus
1088 2840 1132 2904 sit

121 2948 179 3008 aut
203 2947 268 3008 ΓΛ
296 2945 336 3009 ad
363 2945 469 3010 basim
498 2945 635 3031 cylindri
657 2947 930 3031 perpendiculare.
976 2947 1134 3031 quoniam

122 3051 210 3116 enirn
232 3049 365 3136 planum
387 3054 451 3116 ΓΛ
465 3051 515 3116 ad
535 3051 669 3136 planum
687 3053 775 3118 basis
793 3053 1057 3138 perpendiculare
1076 3058 1136 3138 est,

121 3162 155 3222 et
193 3157 234 3221 ad
267 3160 369 3222 ΓΑΛ
406 3181 610 3222 communem
645 3181 758 3224 eorum
794 3159 971 3224 sectionem
1001 3181 1137 3243 perpen-

123 3262 276 3347 dicularis
310 3269 359 3328 est
392 3267 460 3328 ΚΛ
491 3264 528 3328 in
558 3264 657 3350 plano
689 3265 777 3330 basis
810 3266 931 3350 posita,
964 3265 1063 3328 etiam
1095 3263 1136 3327 ad

121 3371 283 3455 reliquum
305 3371 440 3454 planum
458 3370 755 3455 parallelogrammi
775 3374 840 3434 ΓΔ
858 3368 1135 3455 perpendicularis

121 3483 172 3543 est
197 3477 302 3559 [Eucl.
323 3477 370 3540 XI
393 3477 454 3542 def.
474 3479 518 3558 4].

190 3584 242 3650 sin
270 3587 336 3648 ΓΛ
368 3583 409 3648 ad
440 3583 546 3647 basim
578 3584 841 3668 perpendiculare
873 3604 941 3647 non
974 3587 1037 3668 est,
1068 3605 1137 3648 non
