2574 3882
375 231 435 280 ,DE
454 230 633 282 SEGTIONE
652 232 832 284 CYLINDRI.
1072 229 1116 294 43

102 377 169 438 ΑΒ
184 397 191 436 :
207 376 280 438 ΓΔ.
334 395 448 437 uerum
485 374 582 438 etiarn
616 371 696 438 AB‘3
733 375 774 438 ad
807 372 886 439 TA*
918 375 1117 459 duplicatam

101 479 263 544 rationem
285 479 385 544 habet
409 503 506 565 quarn
529 484 595 544 AB
610 504 617 544 :
632 466 715 572 TA,
735 501 812 564 ergo

227 585 991 667 AB²:PA²=AE><EB:FZ><ZA;

101 693 188 778 quod
212 698 282 758 erat
305 693 599 760 demonstrandum.

567 924 655 990 XIV.

169 1048 205 1114 Si
246 1049 410 1135 cylindrus
444 1049 542 1134 plano
579 1072 637 1133 per
674 1072 767 1114 axem
804 1054 945 1134 secatur,
987 1055 1116 1115 secatur

101 1161 212 1222 autem
236 1157 334 1221 etiam
358 1155 422 1220 alio
446 1156 543 1239 plano
564 1156 698 1240 planum
718 1156 805 1221 basis
825 1156 958 1241 secanti,
981 1161 1013 1220 et
1032 1178 1117 1221 com·

100 1264 209 1329 munis
225 1263 326 1328 sectio
340 1261 430 1347 plani
446 1262 534 1326 basis
555 1262 757 1347 secantisque
776 1262 817 1326 ad
830 1263 936 1327 basim
950 1263 1118 1347 parallelo·

101 1369 241 1456 grammi
269 1391 328 1454 per
355 1391 448 1433 axem
477 1368 579 1452 positi
609 1369 662 1432 uel
693 1369 733 1432 ad
760 1370 894 1434 eandem
924 1371 1117 1454 productam

100 1474 375 1561 perpendicularis
404 1480 467 1559 est,
498 1498 517 1539 a
544 1475 687 1540 sectione
716 1480 825 1540 autem
853 1477 894 1540 ad
921 1475 1116 1540 diametrum

100 1588 191 1648 recta
224 1583 352 1647 ducitur
383 1582 539 1665 parallela
572 1581 736 1646 communi
768 1583 942 1666 planorum
970 1583 1117 1664 sectioni,

101 1711 200 1773 quam
236 1689 391 1774 diximus,
426 1693 515 1753 recta
551 1689 648 1752 ducta
684 1689 843 1772 quadrata
874 1690 1018 1773 aequalis
1051 1690 1114 1754 erit

449 1794 554 1880 spatio
574 1795 711 1880 cuidam,
730 1795 770 1859 ad
789 1797 875 1882 quod
889 1797 1115 1882 rectangulum

142 1923 351 2001 a
448 1901 597 1986 partibus
621 1901 772 1966 diametri
795 1902 948 1967 sectionis
973 1924 1116 1987 compre-

141 1973 385 2079 vA
447 2008 585 2072 hensum
606 2009 766 2073 rationem
789 2009 898 2092 habet,
922 2031 1019 2092 quam
1042 2031 1117 2092 qua-

449 2115 578 2179 dratum
606 2114 756 2179 diametri
784 2115 938 2180 sectionis
971 2116 1012 2180 ad
1041 2137 1117 2199 qua·

449 2221 578 2285 dratum
601 2220 751 2286 diametri
774 2221 871 2286 basis.

516 2327 559 2392 sit
592 2326 770 2412 cylindrus,
803 2328 894 2392 cuius
926 2328 1020 2392 bases
1051 2329 1117 2392 sint

362 2430 372 2467 ”
448 2433 560 2499 circuli
606 2440 653 2518 A,
689 2438 732 2519 B,
776 2434 1117 2519 parallelogrammum

448 2546 557 2605 autem
584 2563 643 2625 per
675 2563 768 2604 axem
800 2540 944 2624 positum
973 2543 1051 2623 ΓΔ,
1085 2545 1117 2605 et

449 2647 613 2730 cylindrus
641 2647 738 2731 plano
767 2650 894 2711 secetur
921 2667 995 2710 cum
1019 2647 1117 2730 plano

448 2752 537 2817 basis
565 2752 769 2818 concurrenti
797 2752 973 2817 secundum
995 2757 1118 2818 rectam

450 2859 490 2922 ad
510 2861 575 2922 ΓΑ
596 2859 789 2943 productam
811 2859 1118 2945 perpendicularem,

101 2966 210 3049 sitque
243 2964 344 3029 sectio
372 2964 487 3030 effecta
514 2969 632 3048 ΕΖΗ,
665 2967 845 3032 communis
874 2970 984 3031 autem
1012 2966 1115 3032 sectio

100 3070 398 3158 parallelogrammi
416 3071 569 3156 planique
584 3071 725 3137 secantis
740 3077 823 3158 ΕΗ,
843 3095 924 3158 quae
939 3074 1117 3138 diametrus

101 3184 152 3244 est
176 3177 340 3262 sectionis,
362 3182 399 3242 ut
423 3179 717 3243 demonstrauimus
743 3183 846 3264 [prop.
868 3177 962 3263 XII];
986 3184 1116 3263 sumpto

101 3291 212 3351 autem
232 3285 266 3348 in
286 3284 428 3349 sectione
447 3287 568 3369 puncto
588 3285 697 3368 aliquo
714 3290 741 3349 Z
760 3287 800 3350 ab
816 3307 853 3349 eo
869 3285 909 3348 ad
924 3285 1117 3348 diametrum

103 3433 179 3439 ----
639 3431 775 3438 -—--—

102 3533 154 3569 om.
175 3513 235 3582 Vc,
261 3513 299 3582 ιγ’
319 3532 355 3568 m.
375 3531 428 3568 rec.
443 3514 482 3582 V,
506 3516 536 3568 et
555 3512 595 3567 sic
614 3513 753 3582 deinceps.
827 3518 869 3566 16.
890 3510 917 3583 ὅ]
936 3530 969 3580 p,
995 3528 1047 3566 om.
1063 3512 1117 3567 Vc.

137 3581 308 3655 20.,{loiosr9]
328 3603 359 3653 p,
384 3583 464 3655 βάσις
483 3585 536 3639 Vc.
610 3591 653 3641 23.
675 3586 736 3655 ΓΑ]
754 3583 813 3651 Vc,
837 3583 890 3651 τὴν
911 3587 959 3635 ΓΑ
978 3601 1005 3650 p.
