2574 3882
139 152 191 206 ΧΠ
538 151 752 207 PRAEFATIO.

141 295 243 384 (1860
257 321 288 381 p.
303 294 347 384 2),
371 296 406 360 in
423 296 746 381 interpretationibus
767 296 960 382 germanicis
979 272 1048 360 reni
1067 297 1160 360 criti-

142 425 214 468 cam
236 425 303 468 non
326 408 425 468 curat.
1109 400 1111 404 ’

207 513 310 574 restat
342 510 442 575 editio
475 515 507 575 et
534 511 684 596 princeps
717 515 750 574 et
783 511 823 575 ad
853 510 940 575 hunc
968 509 1053 574 diem
1085 509 1157 574 sola

141 614 291 679 Halleii
323 613 411 703 (cum
443 616 618 702 Apollonio
652 616 769 682 Oxonii
801 618 885 682 1710
917 613 1002 704 fol),
1034 616 1089 700 qui
1121 617 1156 680 in

141 724 342 808 praefatione
370 748 400 809 p.
424 725 474 789 ΠΙ
501 725 581 789 haec
608 725 709 789 habet
732 725 771 788 de
800 723 953 788 subsidiis
983 724 1062 788 suis:
1094 724 1159 808 „ob

143 831 326 916 argumenti
358 835 468 896 autem
499 832 695 896 affinitatem
725 829 837 895 Sereni
868 830 971 895 libros
1004 831 1084 894 duos
1118 830 1156 894 de

144 935 294 1002 Sectione
324 936 470 1023 Cylindri
498 943 531 1003 et
555 936 636 1004 Ocni
664 937 795 1021 publico
825 938 944 1002 donare
971 936 1058 1000 haud
1087 958 1158 1022 gra·

142 1048 236 1108 vatus
260 1067 333 1110 sum
352 1046 421 1128 jam
444 1045 586 1128 primum
606 1043 727 1109 Graece
751 1044 937 1128 impressos,
961 1065 1041 1127 quos
1061 1065 1078 1106 e
1096 1039 1157 1107 Go-

142 1150 267 1216 dicibus
296 1151 401 1215 tribus
429 1150 644 1216 Bibliotheca
672 1151 785 1236 Regia
813 1149 1006 1214 Parisiensis
1040 1149 1091 1214 sui
1122 1151 1159 1213 in

142 1280 238 1322 usum
275 1257 414 1322 describi
451 1263 620 1323 curaverat
661 1257 710 1322 vir
752 1255 960 1322 doctissimus
996 1255 1168 1320 Hemicus

143 1363 330 1428 Aldrichius
355 1361 386 1427 S.
405 1363 441 1427 Τ.
462 1361 529 1450 P.1)
566 1363 659 1428 AEdis
683 1361 806 1428 Christi
830 1362 978 1429 Decanus
1003 1361 1161 1447 mihique,
1234 1425 1236 1430 .

142 1473 180 1532 ut
208 1467 306 1533 simul
333 1490 407 1534 cum
429 1468 605 1553 Apollonio
632 1469 738 1534 lucem
766 1469 962 1554 aspicerent,
989 1467 1161 1552 perhuma-

142 1574 229 1638 niter
250 1573 417 1659 impertiit.
454 1575 489 1639 in
511 1575 563 1639 his
586 1575 736 1640 omnibus
756 1576 946 1661 evulgandis
964 1575 1159 1639 industriam

143 1679 231 1745 haud
248 1681 353 1747 levem
372 1684 405 1746 et
419 1680 624 1766 diligentiam
638 1681 781 1767 adhibui,
799 1704 927 1747 mecum
946 1677 1048 1767 (quod
1061 1681 1160 1745 fateri

144 1808 210 1851 non
231 1786 339 1875 piget)
368 1809 571 1872 summopere
598 1788 763 1852 adnitente
787 1787 826 1852 D.
849 1787 976 1852 Joanne
999 1786 1161 1852 Hudsono

144 1891 358 1958 Bibliotheca
372 1892 558 1976 Bodlejanae
577 1892 735 1959 Praefecto
755 1916 951 1978 manumque
971 1893 1161 1958 auxiliarem

145 1995 262 2084 (prout
293 1997 329 2062 in
360 1998 496 2063 Euclide
528 1997 668 2086 fecerat)
706 2022 773 2064 non
808 2001 912 2065 invito
945 1997 1160 2085 porrigente.“

145 2105 232 2168 inter
259 2104 459 2169 Parisienses
488 2109 555 2170 tres
584 2111 653 2170 erat
680 2111 713 2170 et
739 2108 807 2171 cod.
830 2109 931 2190 2367,
965 2107 1056 2172 ouius
1085 2127 1160 2171 eon·

145 2213 289 2276 iacturae
312 2211 412 2276 falsae
436 2211 565 2295 saepius
589 2217 737 2297 receptae
761 2218 837 2278 sunt
861 2211 967 2300 (uelut
988 2236 1019 2296 p.
1034 2214 1087 2298 22,
1104 2210 1163 2296 15,

108 2353 111 2359 -
145 2321 198 2404 24,
217 2321 252 2404 3,
280 2315 422 2405 32,15),
445 2322 478 2382 01
501 2341 538 2403 p,
562 2319 652 2384 cuius
676 2320 818 2406 uestigia
841 2325 929 2392 certa
952 2318 1159 2404 deprehendi-

146 2449 218 2490 mus
242 2450 273 2511 p.
292 2426 344 2510 40,
365 2428 394 2511 1,
407 2427 441 2509 5,
467 2425 589 2510 1615,
614 2427 687 2510 180,
703 2430 730 2492 1.
776 2449 896 2511 paucas
920 2427 1162 2492 emendationes

145 2537 264 2618 certas,
293 2553 375 2614 quae
399 2529 669 2596 Commendinum
693 2532 845 2617 fugerant
867 2569 911 2578 -
935 2554 1008 2596 eum
1033 2555 1160 2617 quoque

146 2639 186 2703 ab
205 2637 334 2702 Halleio
358 2641 552 2721 usurpatum
575 2659 654 2719 esse,
679 2639 812 2721 adparet
836 2661 874 2702 ex
892 2662 924 2723 p.
938 2638 1013 2722 252,
1028 2640 1081 2724 22,
1103 2639 1159 2702 ubi

147 2745 403 2809 additamentum
426 2743 466 2806 ab
491 2765 529 2807 eo
552 2743 607 2808 fol.
631 2745 691 2809 28u
717 2745 752 2808 in
774 2744 862 2810 notis
885 2745 1090 2830 propositum
1113 2767 1164 2810 re-

147 2851 245 2936 cepit3
274 2873 348 2915 cum
376 2849 489 2914 eodem
516 2872 546 2933 p.
571 2850 645 2935 252,
670 2852 721 2936 16,
744 2853 786 2916 23
814 2847 918 2936 ἡμὲν
941 2856 1009 2916 ΕΛ
1032 2862 1071 2938 τῇ
1094 2855 1167 2916 ΛΓ

147 2962 180 3022 et
208 2955 247 3020 δέ
273 2954 384 3020 omisit
411 2993 467 3040 -,
504 2978 543 3020 ex
574 2956 703 3022 Helleio
736 2958 856 3042 recepi,
888 2957 1061 3023 nonnullas
1093 2980 1160 3023 non

147 3085 280 3149 prorsus
294 3062 526 3146 improbabiles
541 3065 804 3149 commemoraui3
818 3069 855 3129 ut
869 3065 1062 3149 adparatum
1075 3064 1164 3130 criti-

147 3195 221 3236 cum
236 3168 386 3236 omnibus
402 3168 572 3254 scripturis
586 3169 790 3236 uariantibus
805 3170 957 3236 editionis
971 3171 1161 3237 Halleianae

213 3438 240 3504 1)
267 3433 313 3486 Ad
336 3432 411 3486 hunc
439 3431 532 3486 uirum
559 3432 638 3487 misit
661 3434 757 3488 Sereni
780 3433 893 3488 libellos
923 3451 1014 3503 „nuno
1037 3434 1159 3504 primum

148 3507 254 3562 Graece
274 3507 303 3559 et
321 3503 422 3558 Latine
442 3519 476 3558 ex
495 3521 545 3558 suo
565 3503 718 3574 exemplari
736 3505 928 3574 manuscripto
947 3505 1065 3562 edit0s“.
