2574 3882
158 176 203 239 50
430 177 517 228 ΠΕΡΙ
534 177 750 230 ΚΤΛΙΝΔΡΟΤ
767 179 903 230 ΤΟΜΗΣ.

159 337 223 384 σαν
241 316 279 383 δέ
296 317 407 384 κοιναὶ
425 318 523 404 τομαὶ
541 321 644 386 αὐτοῦ
659 318 795 386 καὶτῶν
808 323 1029 406 παραλλήλων
1041 323 1174 387 κύκλων

159 427 196 490 αι’
213 430 295 510 ΣΤ,
314 425 391 510 ΞΟ,
410 431 449 491 Π
450 431 490 510 Ρ,
509 427 613 491 αὐτοῦ
632 424 742 492 δὲκαὶ
760 436 818 511 τῆς
836 432 945 492 ΕΖΗ
958 437 1059 512 τομῆς
1077 431 1173 512 κοινῆ

158 535 241 617 τομῆ
270 535 352 597 ἔστω
380 532 400 616 ῆ
428 537 515 598 ΜΝ.
566 532 635 599 ἐπεὶ
662 529 725 599 οὖν
751 534 945 620 παράλληλα
973 534 1111 600 ἐπίπεδα
1133 536 1173 600 τὰ

159 643 235 724 ΓΛ,
259 644 325 704 ΡΣ
344 638 493 724 τέμνεται
515 639 580 705 ὑπὸ
604 649 664 705 τοῦ
687 644 789 704 ΚΖΛ
812 640 980 726 έπιπέδου,
1003 644 1041 707 αι’
1064 641 1174 707 κοιναί
1264 719 1266 742 Ι

124 759 140 807 5
160 747 270 812 αὐτῶν
292 744 389 831 τομαὶ
411 747 618 832 παράλληλοί
638 749 715 812 είσι·
742 747 951 833 παράλληλος
973 750 1038 834 ἄρα
1060 749 1081 832 ῆ
1105 753 1173 813 ΚΘ
1265 742 1267 772 ¹

158 863 198 940 τῆ
216 853 292 928 ΝΞ.
329 848 371 936 ῆν
395 850 432 918 δὲ
453 852 509 918 καί
531 851 551 936 ῆ
573 858 638 918 ΘΕ
658 863 697 938 τῆ
722 859 801 920 ΝΜ
820 855 1041 939 παράλληλος·
1064 855 1085 938 ῆ
1108 857 1173 940 ἄρα
1265 841 1267 878 ³

159 1074 224 1134 ΡΣ
243 1070 587 1156 παραλληλόγραμμον
611 1068 787 1148 ἰσογώνιόν
811 1067 880 1132 ἐστι
898 1077 943 1156 τῷ
964 1071 1029 1133 ΓΔ
1047 1073 1172 1155 παραλ-

158 1175 393 1262 ληλογράμμῳ,
421 1175 466 1250 ὡς
493 1174 626 1258 ἐδείχθη
651 1173 686 1239 ἐν
708 1182 754 1261 τῷ
777 1172 810 1255 η’
834 1177 1040 1260 θεωρήματι,
1063 1175 1083 1258 ῆ
1108 1177 1172 1260 ἄρα

106 1298 140 1346 10
158 1283 223 1348 ὑπὸ
255 1293 323 1346 τῶν
355 1285 462 1344 ΣΠΡ
485 1284 590 1362 γωνία
622 1291 661 1366 τῆ
688 1281 754 1345 ὑπὸ
782 1291 849 1345 τῶν
876 1285 977 1346 ΕΓΑ
1008 1288 1061 1365 ίση
1094 1281 1172 1366 έστί,

157 1386 327 1454 τουτέστιν
347 1386 368 1468 ῆ
386 1385 452 1450 ὑπὸ
471 1386 580 1460 ΣΞΝ
594 1396 633 1471 τῆ
650 1387 716 1451 ὑπὸ
736 1390 851 1452 ΕΚΘ·
875 1388 971 1472 ὅμοια
990 1390 1054 1472 ἄρα
1074 1388 1172 1470 ἀλλῆ-

157 1501 229 1570 λοις
255 1493 296 1557 τὰ
323 1496 439 1575 ΕΚΘ,
463 1491 581 1565 ΜΞΝ
601 1496 754 1578 τρίγωνα.
801 1494 846 1570 ὡς
868 1496 933 1579 ἄρα
955 1493 975 1576 ῆ
999 1498 1067 1559 ΚΘ
1088 1496 1174 1580 πρὸς

160 1605 232 1683 ΘΕ,
255 1599 362 1675 οὕτως
384 1599 404 1682 ῆ
424 1597 495 1672 ΞΝ
513 1599 596 1684 πρὸς
613 1604 707 1663 ΝΜ·
730 1597 786 1664 καὶ
809 1601 853 1676 ὡς
875 1602 912 1665 τὸ
936 1600 999 1665 ἀπὸ
1023 1610 1081 1685 τῆς
1104 1605 1174 1665 ΚΘ

157 1709 221 1793 ἄρα
248 1707 331 1792 πρὸς
357 1707 394 1771 τὸ
423 1704 486 1770 ἀπὸ
510 1714 568 1789 τῆς
593 1710 668 1790 ΘΕ,
696 1704 845 1771 τουτέστι
868 1708 905 1771 τὸ
929 1706 992 1771 ἀπὸ
1015 1716 1073 1791 τῆς
1096 1710 1172 1772 δευ-

105 1832 138 1879 15
157 1812 253 1899 τέρας
280 1811 458 1898 διαμέτρου
485 1821 543 1896 τῆς
573 1817 637 1876 ΦΖ
664 1813 748 1898 πρὸς
775 1814 812 1877 τὸ
839 1812 901 1878 ἀπὸ
925 1822 983 1896 τῆς
1005 1817 1080 1877 ΕΗ
1100 1815 1173 1878 δια-

157 1918 289 2006 μέτρου,
313 1919 417 1996 οὕτως
440 1920 476 1984 τὸ
500 1918 564 1984 ἀπὸ
587 1929 645 2002 τῆς
668 1919 739 1993 ΞΝ
757 1920 839 2005 πρὸς
861 1921 899 1984 τὸ
923 1919 986 1985 ἀπὸ
1010 1929 1068 2004 τῆς
1086 1925 1172 1986 ΝΜ.

157 2026 241 2091 ἀλλὰ
263 2027 300 2091 τὸ
324 2025 387 2090 ἀπὸ
411 2035 468 2109 τῆς
486 2030 525 2090 Ν
526 2024 557 2099 Ξ
572 2032 646 2091 ίσον
666 2024 734 2090 έστί
752 2035 797 2113 τῷ
816 2025 881 2090 ὑπὸ
900 2037 968 2091 τῶν
989 2030 1070 2110 ΦΝ,
1087 2032 1171 2091 ΝΖ·

157 2134 277 2208 κύκλος
303 2132 366 2218 γάρ
395 2132 485 2197 έστιν
512 2132 530 2198 ὁ
553 2136 670 2216 ΚΖΛ,
697 2130 752 2196 καί
779 2132 866 2218 ὀρθὴ
894 2131 915 2215 ἡ
946 2137 1008 2197 ΘΖ
1037 2131 1090 2197 ἐπὶ
1113 2134 1172 2210 τὰς

158 2244 239 2323 ΚΘ,
263 2238 339 2313 ΞΝ.
397 2239 441 2316 ὡς
468 2241 531 2324 ἄρα
563 2240 600 2303 τὸ
633 2239 696 2304 ἀπὸ
726 2247 784 2322 τῆς
814 2243 878 2303 ΦΖ
911 2238 1067 2325 δευτέρας
1099 2241 1171 2304 δια-

104 2367 139 2416 20
157 2345 278 2433 μέτρου
301 2348 384 2434 πρὸς
406 2347 444 2411 τὸ
468 2345 531 2411 ἀπὸ
550 2355 607 2430 τῆς
625 2350 699 2410 ΕΗ
714 2344 901 2432 διαμέτρου,
926 2345 1031 2421 οὕτως
1048 2347 1086 2411 τὸ
1104 2345 1171 2411 ὑπὸ

157 2467 224 2521 τῶν
259 2459 343 2538 ΦΝ,
367 2457 435 2519 ΝΖ
466 2454 550 2540 πρὸς
576 2453 613 2518 τὸ
643 2453 706 2518 ἀπὸ
734 2461 791 2536 τῆς
818 2457 909 2517 ΜΝ·
951 2451 969 2516 ὃ
999 2451 1172 2538 προέκειτο

157 2560 269 2640 δείξαι.

637 2647 691 2726 ιζ’.

221 2773 298 2840 Ἐδιν
320 2775 502 2859 κυλίνδρου
526 2781 627 2856 τομῆς
650 2775 800 2854 συζυμεϊς
823 2771 992 2858 διάμετροι
1016 2768 1090 2852 ὦσι,
1114 2771 1170 2838 καὶ

104 2899 138 2948 25
157 2888 292 2966 ποιηθῆ,
315 2881 359 2956 ὡς
382 2881 402 2963 ῆ
426 2880 600 2965 διάμετρος
621 2887 679 2962 τῆς
700 2887 802 2963 τομῆς
824 2879 906 2964 πρὸς
931 2881 991 2962 τῆν
1009 2877 1171 2965 δευτέραν

157 2989 344 3073 διάμετρον,
365 2986 470 3061 οὕτως
488 2984 508 3068 ἡ
523 2982 661 3070 δευτέρα
679 2985 853 3070 διάμετρος
870 2985 953 3072 πρὸς
966 2986 1069 3068 ἄλλην
1083 2986 1170 3069 τινα,

155 3096 228 3180 ῆτις
251 3092 292 3158 ἂν
315 3090 379 3156 ἀπὸ
402 3100 460 3174 τῆς
482 3100 582 3176 τομῆς
603 3089 656 3155 ἐπὶ
674 3092 734 3175 τῆν
754 3092 930 3178 διάμετρον
949 3090 1037 3176 ἀχθῆ
1056 3113 1169 3174 τεταμ-

156 3200 272 3288 μένως,
292 3199 469 3281 δυνήσεται
486 3199 523 3263 τὸ
542 3198 631 3284 παρὰ
649 3199 710 3282 τῆν
728 3201 843 3284 τρίτην
861 3197 1026 3280 ἀνάλογον
1044 3197 1170 3274 πλάτος

157 3312 232 3393 ἔχον
255 3308 316 3392 τῆν
338 3303 396 3370 ὑπ’
418 3305 519 3388 αὐτῆς
540 3313 598 3388 τῆς
620 3303 823 3388 τεταγμένως
845 3304 1003 3389 ἀχθείσης
1021 3304 1168 3390 ἀπολαμ-

156 3416 369 3426 ..-—...-—--··—-

229 3463 474 3534 6.ΝΞ]ΞΝμ.
534 3463 681 3533 ’1.ΚΘΕ]
703 3464 829 3516 ΘΚΕο,
885 3461 1166 3533 9.τῷρ’]τῶιηο.

194 3542 236 3590 10.
255 3543 310 3589 τῶν
325 3534 506 3605 (utrumque)]
527 3549 579 3586 om.
598 3550 625 3601 p.
691 3538 731 3586 11.
750 3531 780 3602 ἡ]
800 3548 953 3600 suprascr.
973 3549 995 3586 ο.
1062 3537 1102 3586 17.
1122 3531 1168 3603 τό]
