2604 3880
147 236 213 298 214
462 238 550 288 ΠΕΡΙ
566 237 695 290 mor
713 240 849 290 ΤοΜΗΣ.

146 377 296 444 τουτέστι
318 388 376 462 τῆς
397 379 463 444 ὑπὸ
488 383 594 464 ΓΔΒ,
615 381 656 446 οὐ
674 385 792 465 μειζων
815 379 906 446 ἐστὶν
924 379 943 464 ἡ
963 381 1028 447 ὑπὸ
1048 385 1158 464 ΑΓΒ,

147 487 184 550 αι’
209 487 273 568 ἀρα
299 485 364 551 ὑπὸ
392 489 509 570 ΑΓΔ,
533 490 649 571 ΓΒΔ,
680 487 851 553 τουτέστιν
883 489 921 552 αί
948 489 1013 553 ὑπὸ
1041 492 1157 570 ΑΒΗ,

148 594 262 673 ΓΒΔ,
295 592 335 657 οὐ
369 592 513 677 μείζονές
545 596 608 658 είσι
640 595 734 659 ὀυεῖν
763 595 892 680 ὀρθῶν·
927 595 964 659 αἱ
995 592 1064 681 ἄρα’
1092 594 1156 658 ὑπὸ

147 702 266 780 ΑΒΔ,
290 703 402 764 ΑΒΗ
425 699 465 764 οὐ
492 699 637 784 μείζονές
664 703 727 766 είσι
754 713 857 788 τριῶν
880 701 1004 787 ὀρθῶν.
1050 699 1069 783 ἡ
1095 703 1158 786 ἀρα

111 820 128 867 ῖ
147 804 211 868 ὑπὸ
230 808 343 870 ΔΒΗ
356 806 417 870 οόιι
436 806 580 872 έλάττων
599 807 704 893 ὀρθῆς
723 808 805 873 έστι·
826 811 944 892 μείζων
963 806 1064 894 ἀραὴ
1086 813 1125 872 Η
1126 814 1159 872 Α

144 919 203 993 τῆς
225 916 301 976 ΔΒ.
351 909 371 994 ἡ
396 919 466 976 ΑΛ
494 910 559 999 ἀρα
585 915 669 999 πρὸς
691 919 769 979 ΛΗ
787 915 945 980 έλοίττονα
968 917 1070 998 λόγον
1093 917 1158 998 ἔχει

144 1017 226 1104 ἥπερ
250 1015 270 1100 ἡ
296 1024 365 1083 ΑΛ
387 1020 469 1105 πρὸς
492 1024 571 1084 ΛΒ·
596 1021 675 1106 ὅπερ
699 1022 765 1086 ἔδει
789 1019 902 1099 δεῖξαι.

618 1214 686 1280 λθ.

216 1341 290 1402 Τῶν
320 1339 430 1404 αὐτῶν
462 1342 569 1405 ὀντων
596 1351 664 1405 τῶν
691 1339 803 1405 ἀλλων
831 1341 889 1406 ε’ἀν
916 1350 977 1405 τοῦ
1005 1340 1158 1428 ὀρθογω-

92 1458 126 1507 10
144 1447 220 1508 νίου
248 1442 267 1525 ἡ
297 1446 358 1528 τὴν
385 1446 494 1531 ὀρθὴν
516 1447 737 1512 ὑποτείνουσα
760 1450 843 1534 πρὸς
865 1447 923 1531 τὴν
945 1449 1029 1533 πρὸς
1051 1447 1159 1532 ὀρθάς

144 1560 183 1636 τῇ
206 1551 301 1634 βάσει
323 1555 455 1636 μείζονα
482 1556 585 1635 λόγον
608 1557 664 1639 ἔχῃ
688 1557 770 1641 ἥπερ
794 1563 854 1619 τοῦ
877 1552 1156 1640 ἀμβλυγωνίουὴ

144 1657 206 1739 τὴν
229 1655 387 1741 ἀμβλεῖαν
409 1659 630 1725 ὑποτείνουσα
653 1663 736 1748 πρὸς
758 1663 820 1744 τὴν
838 1662 920 1748 πρὸς
939 1660 1098 1745 ἀμβλεῖαν
1116 1671 1156 1746 τῇ

144 1763 252 1848 βάσει,
275 1761 294 1847 ι]
318 1766 401 1850 πρὸς
423 1776 463 1852 τῇ
485 1777 617 1853 κορυφῇ
642 1776 703 1832 τοῦ
727 1766 938 1853 ὀρθογωνίου
961 1771 1067 1850 γωνία
1088 1771 1157 1852 μεί-

144 1872 208 1947 ζων
241 1869 309 1936 ἐστὶ
341 1881 399 1956 τῆς
429 1873 660 1959 περιεχομένης
693 1877 815 1956 γωνίας
845 1874 911 1938 ὑπό
943 1897 978 1938 τε
1010 1883 1067 1958 τῆς
1098 1877 1157 1951 τάς

93 1990 125 2040 15
144 1978 294 2060 ιιορυφάς
320 1990 387 2043 τῶν
414 1981 588 2064 τριγώνων
611 1979 885 2064 έπιζευγνυούσης
911 1978 966 2045 καὶ
993 1990 1051 2064 τῆς
1073 1982 1156 2066 πρὸς

145 2080 304 2166 ἀμβλεῖαν
327 2092 366 2169 τῇ
388 2085 491 2167 βάσει.

210 2191 333 2253 κείσθω
357 2187 377 2272 ἡ
402 2191 484 2274 αὐτὴ
508 2193 702 2277 καταγραφὴ
726 2203 794 2256 τῶν
813 2193 923 2257 αὐτῶν
942 2209 1156 2258 κατεσκευασ-

144 2293 261 2379 μένων.
308 2294 377 2362 έπεί
405 2292 467 2362 οὖν
489 2294 509 2380 ἡ
534 2301 605 2362 ΑΓ
622 2299 705 2383 πρὸς
728 2302 788 2363 ΓΒ
812 2302 943 2384 μείζονα
966 2303 1067 2382 λόγον
1090 2303 1156 2385 ἔχει

144 2403 225 2488 ἥπερ
248 2400 268 2486 ἡ
293 2410 364 2468 ΑΔ
386 2405 469 2490 πρὸς
486 2409 568 2489 ΔΒ,
590 2405 634 2480 ὡς
658 2401 694 2469 δέ
717 2403 736 2488 ἡ
761 2409 831 2470 ΑΓ
848 2407 932 2492 πρὸς
955 2409 1028 2490 ΓΒ,
1051 2407 1158 2482 οὕτως

91 2505 163 2590 2οἡ
188 2515 258 2574 ΑΔ
285 2513 368 2596 πρὸς
391 2515 478 2596 ΛΗ,
506 2509 560 2576 καὶ
588 2509 607 2594 ἡ
636 2510 701 2597 ἀρα
724 2517 793 2576 ΑΛ
820 2513 903 2598 πρὸς
925 2517 1003 2577 ΛΗ
1024 2517 1156 2596 μείζονα

143 2618 244 2698 λόγον
267 2619 332 2701 ἔχει
356 2619 438 2704 ἥπερ
456 2615 476 2701 ἡ
496 2624 566 2683 ΑΛ
584 2620 667 2705 πρὸς
684 2624 717 2682 Δ
723 2623 764 2682 Β·
794 2618 938 2684 ἐλάττων
960 2618 1024 2706 ἀρα
1045 2617 1061 2702 ἡ
1084 2624 1156 2684 ΗΔ

142 2732 200 2806 τῆς
232 2729 310 2788 ΔΒ.
363 2722 383 2806 ἡ
416 2722 481 2811 ἀρα
511 2725 576 2790 ὑπὸ
607 2729 720 2790 ΔΒΗ
746 2729 851 2807 γωνία
884 2725 1028 2791 ε’λάττων
1065 2725 1154 2790 ἐστὶν

215 2957 238 3006 1
253 2951 388 3021 ἡὺπό-
404 2960 428 3006 3.
444 2953 551 3024 ὀρθῶν]
567 2969 619 3008 om.
630 2971 649 3022 p
667 2953 769 3007 lacuna
783 2953 891 3007 relicta.
948 2959 971 3007 1
991 2953 1091 3026 ἡὺπό]
1106 2971 1152 3022 vc,

143 3039 223 3078 euan.
233 3022 267 3090 V,
286 3025 372 3091 repet
387 3041 442 3093 mg.
457 3042 494 3078 m.
508 3040 561 3078 rec.
578 3027 600 3093 (,
603 3023 940 3095 fissicinapographoffi)
996 3027 1088 3096 ΑΓΒ]
1105 3042 1151 3093 vc,

143 3111 223 3149 enan
243 3067 276 3162 V,
300 3096 386 3163 repet.
406 3113 461 3164 mg.
480 3113 515 3149 m.
535 3112 589 3150 rec.
669 3102 693 3151 2.
714 3096 745 3149 αἱ
759 3095 844 3167 (alt)]
862 3112 913 3164 vo,
938 3111 1018 3149 euan.
1038 3095 1071 3163 V,
1095 3113 1151 3166 mg

142 3186 178 3221 m.
197 3182 250 3220 rec.
276 3164 376 3235 ,,-αί
396 3165 488 3219 sicin
512 3167 688 3236 apographO,
717 3168 767 3221 sed
789 3170 874 3221 notae
898 3168 927 3220 et
946 3165 1070 3236 spatium
1088 3166 1152 3236 plus

143 3209 319 3308 designanss‘fi
409 3238 509 3308 ΑΒΗ]
533 3255 551 3290 v
578 3240 607 3291 οῖ
635 3255 719 3308 supra
747 3255 797 3292 scr.
821 3257 857 3292 m.
881 3253 935 3292 rec.
955 3237 988 3306 V,
1017 3253 1097 3291 euan.
1117 3237 1150 3305 V,

142 3313 269 3364 ΑΒΝο.
335 3313 358 3362 5
358 3307 446 3398 ἐστι]
466 3308 645 3362 abstulerunt
663 3326 813 3364 uermeso.
879 3315 902 3364 6
922 3281 990 3362 Ροεό
1009 3314 1034 3363 Δ
1041 3313 1070 3362 Η
1087 3309 1151 3362 add

142 3381 256 3449 Halley:
284 3377 424 3435 τουτέστιν
442 3379 460 3449 ἡ
480 3385 501 3433 Α
509 3383 535 3432 Γ
549 3379 619 3448 πρὸς
639 3385 697 3435 ΓΒ.
772 3379 838 3452 ἔχει]
858 3397 911 3434 om
931 3397 953 3434 ο
1035 3386 1058 3434 ῖ.
1085 3378 1153 3447 ὅπερ

144 3449 201 3504 ἔδει
216 3451 316 3522 δεῖξαι]
337 3468 428 3520 om..p
485 3455 508 3504 9.
527 3459 583 3505 τῶν
597 3450 698 3530 ἀλλων]
718 3469 808 3520 om..p
866 3457 906 3505 12.
926 3450 1033 3520 πρός(ε
1033 3450 1057 3504 lt
1016 3453 1152 3523 ΜΝ)

142 3537 196 3574 om.
207 3520 262 3575 Vv.
326 3523 473 3592 ἀμβλεῖαν]
494 3538 532 3589 op
552 3520 606 3574 et
598 3539 628 3572 m
646 3539 700 3576 ras.
715 3541 751 3577 m.
763 3529 776 3575 1
793 3540 819 3590 v,
839 3523 959 3592 βειιμεα
975 3537 1025 3575 scr.
1040 3540 1075 3577 m.
1090 3469 1152 3575 le.

179 3596 220 3644 14.
240 3588 311 3662 ἐστί]
332 3591 452 3662 ἔσταιμ
519 3597 560 3645 16.
580 3593 727 3664 ἀμβλεῖαν]
746 3610 816 3662 vcp,
836 3594 956 3663 βεομεο
971 3608 1020 3645 scr.
1036 3611 1071 3646 m.
1089 3591 1151 3645 lV.
