2594 3878
143 200 206 263 168
452 200 539 251 ΠΕΡΙ
557 199 686 252 ΚΩΝΟΤ
705 201 840 252 ΤΟΜΗΣ.

142 351 197 426 ἴση
221 339 305 409 οὖσα
327 352 366 428 τῇ
385 349 418 408 Δ
424 349 452 408 Ζ
475 342 619 408 ε’λοίττων
643 341 712 408 ἐστὶ
734 350 792 426 τῆς
811 345 883 407 ΓΑ·
907 342 1008 427 ὁᾶρα
1025 341 1154 430 κέντρῳ

142 459 187 537 τῷ
208 453 246 533 Γ,
270 450 465 534 διαστήματι
488 447 525 514 δὲ
547 459 593 538 τῷ
612 453 680 514 ΓΣ
700 451 909 536 γραφόμενος
926 450 1046 526 κύκλος
1065 461 1159 533 τεμεῖ

142 557 203 640 τὴν
225 559 299 620 ΑΓ.
344 554 486 641 τεμνέτω
509 557 591 621 κατὰ
613 557 650 621 τὸ
678 562 718 620 Y·
749 553 818 639 ἥξει
841 557 906 641 ἄρα
933 556 989 620 διὰ
1011 565 1069 640 τῆς
1092 560 1160 620 ΡΤ

142 665 359 749 περιφερείας.
397 661 573 748 τέμνουσιν
592 665 656 748 ἄρα
675 662 838 745 ἀλλήλους
855 660 911 726 καὶ
930 663 965 727 οί
980 666 1015 726 Κ
1018 667 1059 746 Λ,
1075 667 1160 728 ΜΝ

109 785 124 834 5
143 771 267 834 κύκλοι.

619 893 683 959 κα’.

208 1017 284 1085 Ἐὰν
311 1021 374 1084 δύο
402 1022 547 1104 τρίγωνα
576 1019 770 1104 ἀνισοσκελῆ
798 1020 856 1097 τίς
879 1044 913 1085 τε
940 1020 1053 1103 βάσεις
1082 1024 1156 1094 ἴσοις

145 1128 212 1212 ἔχῃ,
236 1129 292 1212 ἔχῃ
316 1122 352 1190 δὲ
375 1124 430 1190 καὶ
452 1127 511 1202 τὰς
533 1125 597 1191 ἀπὸ
616 1135 674 1210 τῆς
695 1135 846 1212 κορυφῆς
869 1124 921 1191 ἐπὶ
943 1127 1004 1210 τὴν
1028 1126 1156 1208 διχοτο-

145 1236 225 1316 μίαν
247 1242 305 1316 τῆς
327 1232 454 1315 βάσεως
476 1231 619 1316 ἠγμένος
641 1233 775 1309 εὐθείας
798 1239 881 1317 ἴσας,
903 1242 963 1298 τοῦ
983 1232 1158 1309 ἐλάττονος

93 1354 127 1403 10
145 1338 166 1422 ἡ
185 1342 303 1424 μείζων
321 1340 447 1425 πλευρὰ
464 1341 548 1420 πρὸς
566 1340 627 1422 τὴν
646 1339 803 1404 ἐλάττονα
821 1342 953 1424 μείζονα
971 1341 1072 1426 λόγον
1091 1342 1157 1422 ἔχει

145 1446 227 1530 ἤπερ
247 1446 267 1528 ἡ
286 1455 345 1509 τοῦ
364 1449 512 1529 μείζονος
529 1449 647 1530 μείζων
665 1446 791 1532 πλευρὰ
809 1447 892 1532 πρὸς
910 1447 970 1529 τὴν
989 1445 1157 1511 ἐλάττονα.

213 1555 295 1616 ε”στω
318 1555 463 1638 τρίγωνα
486 1553 526 1616 τὰ
549 1556 614 1616 ΑΒ
622 1556 658 1636 Γ,
681 1557 789 1616 ΕΖΗ
809 1559 881 1629 ἴσας
903 1555 1020 1637 ἔχοντα
1042 1553 1100 1628 τάς
1123 1576 1159 1617 τε

145 1665 178 1724 Α
185 1662 221 1743 Γ,
244 1662 318 1723 ΕΗ
345 1658 457 1742 βάσεις
489 1659 565 1742 δίχα
592 1656 790 1744 τετμημένας
816 1659 898 1723 κατὰ
926 1660 966 1723 τὰ
989 1665 1022 1724 Δ
1048 1657 1104 1724 καὶ
1130 1664 1159 1724 Θ

148 1777 279 1851 σημεῖα,
304 1771 373 1831 ἴσαι
397 1762 433 1830 δὲ
456 1769 604 1830 ἔστωσαν
626 1765 681 1830 καὶ
704 1767 741 1830 αἴ
761 1770 843 1850 ΒΔ,
864 1771 941 1850 ΖΘ,
969 1765 1024 1830 καὶ
1047 1770 1159 1851 μεῖζον

95 1886 127 1935 15
146 1873 183 1939 τὸ
202 1876 311 1938 ΕΖΗ
325 1876 500 1959 τρίγωνον,
523 1876 605 1938 ἔστω
625 1869 661 1936 δὲ
681 1873 701 1956 ἡ
719 1869 780 1957 μὲν
794 1877 859 1937 ΑΒ
879 1882 936 1956 τῆς
948 1865 1018 1937 ’ΒΓ
1030 1877 1160 1958 μείζων,

147 1981 167 2064 ἡ
192 1977 228 2044 δὲ
247 1984 310 2044 ΕΖ
333 1989 390 2063 τῆς
411 1983 486 2044 ΖΗ.
524 1978 618 2063 λέγω,
642 1979 692 2044 ὅτι
714 1979 734 2062 ἡ
754 1983 819 2044 ΑΒ
842 1981 925 2066 πρὸς
943 1983 1011 2044 ΒΓ
1027 1983 1160 2064 μείζονα

149 2074 250 2169 λόγον
273 2089 338 2169 ἔχει
361 2087 443 2169 ἥπερ
466 2085 487 2169 ἡ
510 2091 573 2150 ΕΖ
596 2087 679 2172 πρὸς
703 2090 779 2150 ΖΗ.

215 2194 246 2257 εἴ
267 2193 330 2278 γὰρ
354 2194 408 2277 μή,
431 2193 504 2274 ἤτοι
527 2193 586 2256 τὸν
609 2192 712 2257 αὐτὸν
735 2191 755 2275 ἢ
779 2191 945 2258 έλοίττονα.

215 2303 298 2365 έστω
317 2294 379 2365 οὖν
397 2301 569 2384 πρότερον,
588 2301 619 2363 εἴ
636 2299 791 2383 δυνατόν,
810 2300 855 2377 ὡς
868 2299 888 2382 ἡ
903 2304 969 2364 AB
987 2300 1071 2385 πρὸς
1086 2302 1160 2382 ΒΓ,

95 2419 130 2468 20
149 2408 255 2484 οὕτως
277 2405 297 2489 ἡ
322 2410 386 2470 ΕΖ
408 2406 491 2490 πρὸς
515 2409 591 2469 ΖΗ.
629 2406 674 2481 ὡς
696 2408 759 2491 ἄρα
782 2407 820 2470 τὸ
844 2406 907 2471 ἀπὸ
926 2411 993 2470 ΑΒ
1017 2407 1100 2491 πρὸς
1121 2407 1160 2470 τὸ

148 2514 212 2580 ἀπὸ
235 2516 313 2597 ΒΓ,
347 2513 452 2589 οὕτως
478 2513 515 2578 τὸ
543 2511 607 2576 ἀπὸ
635 2517 698 2576 ΕΖ
726 2513 808 2598 τιρὸς
835 2514 872 2577 τὸ
901 2513 964 2578 ἀπὸ
990 2517 1070 2577 ΖΗ·
1103 2511 1160 2577 καὶ

149 2619 310 2686 συνθέντι
335 2621 399 2707 ἄρα
426 2617 481 2684 καὶ
505 2617 659 2702 ἐναλλάξ,
692 2619 736 2696 ὡς
759 2623 1012 2705 συναμφότερον
1035 2621 1071 2684 τὸ
1096 2618 1161 2685 ἀπὸ

148 2733 181 2792 Α
188 2733 232 2811 Β,
251 2733 280 2792 Β
287 2730 319 2792 Γ
338 2729 421 2813 πρὸς
443 2729 697 2811 συναμφότερον
719 2727 756 2790 τὸ
781 2725 843 2791 ἀπὸ
867 2731 945 2810 ΕΖ,
966 2731 1047 2810 ΖΗ,
1073 2727 1161 2792 οὕτω

149 2836 186 2899 τὸ
211 2834 274 2898 ἀπὸ
294 2836 361 2897 ΒΓ
378 2834 461 2919 πρὸς
484 2833 521 2897 τὸ
546 2831 609 2897 ἀπὸ
630 2836 705 2896 ΖΗ.
743 2831 826 2897 ἀλλὰ
849 2837 1103 2920 συναμφότερον
1123 2835 1162 2898 τὸ

222 3067 245 3115 1.
266 3058 397 3131 ἐλάττων]
415 3079 447 3130 p,
475 3059 586 3116 ἔλαττον
607 3061 661 3115 Vc,
749 3067 774 3115 4.
798 3059 863 3133 καί]
887 3078 940 3115 om.
959 3080 986 3130 p.
1078 3065 1102 3114 5.
1126 3062 1166 3125 κζ

149 3151 205 3204 mg.
224 3151 260 3186 m.
279 3148 334 3186 rec.
352 3131 386 3186 V.
444 3137 467 3185 6.
487 3132 548 3203 κα’]
567 3150 595 3201 p,
614 3132 661 3203 κβ’
676 3151 732 3202 mg.
751 3151 787 3187 m.
806 3149 860 3186 reo.
880 3133 913 3202 V,
933 3150 987 3187 om.
1006 3132 1060 3186 Vc.
1117 3137 1160 3186 13.

149 3203 214 3278 καί]
239 3221 292 3258 om.
311 3221 338 3273 p.
430 3209 471 3257 14.
493 3202 540 3274 αλ]
559 3221 633 3272 vop,
663 3203 726 3258 NJ.
820 3205 889 3275 ΖΘ]
914 3221 982 3258 corr.
1003 3219 1037 3257 ex
1063 3207 1114 3258 ΖΔ
1132 3221 1161 3272 p.

187 3283 228 3332 15.
247 3273 395 3346 τρίγωνον]
414 3271 550 3343 τρίγωνον
568 3283 618 3328 τοῦ
636 3279 720 3328 ΑΒΓ
734 3293 761 3344 p.
843 3281 883 3329 16.
904 3277 972 3347 ΒΓ]
991 3275 1043 3344 τὴν
1063 3278 1118 3328 ΒΓ
1131 3292 1161 3343 p.

187 3356 228 3404 1⁷.
251 3347 322 3418 ΖΗ]
341 3345 393 3415 τὴν
415 3349 472 3399 ΖΗ
487 3363 514 3414 p.
598 3350 639 3399 18.
660 3344 804 3419 ἐλάττονα]
825 3345 959 3402 ἐλάττονα
978 3344 1033 3412 ἕξει
1050 3345 1162 3414 Halley.

186 3427 228 3474 20.
249 3417 347 3542 οὕτως,
366 3433 419 3470 om.
438 3435 465 3486 p.
543 3422 585 3470 21.
606 3414 702 3488 οὕτως]
723 3435 775 3472 om.
795 3436 822 3487 p.
902 3423 944 3472 22.
963 3417 1012 3472 καὶ
1032 3414 1162 3487 ἐναλλάξ]

152 3507 204 3544 om.
224 3508 251 3558 p.
349 3487 384 3541 τιό
416 3487 472 3542 ἀπὸ
491 3494 540 3555 τῆς
556 3505 583 3555 p.
666 3493 707 3541 23.
727 3488 808 3559 πρός]
827 3489 897 3558 πρὸς
914 3489 945 3543 τὸ
965 3489 1022 3542 ἀπὸ
1041 3496 1090 3557 τῆς
1109 3491 1167 3541 ΒΓ

152 3558 223 3614 οὕτω
240 3578 268 3629 p.
327 3558 384 3612 ἀιιό
416 3558 472 3612 ἀπὸ
490 3565 539 3626 τῆς
556 3575 583 3625 p.
647 3556 729 3629 οὕτω]
748 3559 818 3627 πρὸς
836 3559 866 3613 τὸ
886 3559 942 3613 ἀπὸ
961 3567 1010 3628 τῆς
1031 3563 1094 3627 ΖΗ,
1113 3558 1164 3613 καὶ
