2574 3882
169 141 214 204 34
439 144 527 194 ΠΕΡΙ
544 143 760 196 ΚΤΛΙΚΔΡΟΤ
777 143 914 195 ΤΟΜΗΣ.

170 285 291 371 μέρους
314 295 372 368 τῆς
395 285 587 370 ἐπιφανείας
610 286 686 370 δίχα
709 288 912 370 τμηθήσεται
935 287 1000 352 ὑπὸ
1023 297 1083 352 τοῦ
1103 311 1189 375 παρ-

171 391 456 477 αλληλογράμμου.

238 518 320 581 ἔστω
343 518 533 604 κύλινδρος,
556 513 597 582 οὗ
619 516 732 600 βάσεις
750 514 811 601 μὲν
829 519 864 582 οί
880 524 926 601 Α,
946 522 974 582 Β
997 519 1125 602 κύκλοι,
1150 523 1190 586 τὸ

171 620 209 687 δὲ
242 623 297 686 διά
328 631 389 688 τοῦ
421 622 539 700 άξονος
572 626 915 709 παραλληλόγραμμον
946 625 983 688 τὸ
1017 628 1098 707 ΓΛ,
1130 626 1189 691 καλ

136 751 153 799 ε
172 731 324 814 εἰλήφθω
347 753 379 793 τι
402 740 538 813 σημεῖον
561 727 614 794 ἐπὶ
637 737 695 812 τής
713 729 906 813 ἐπιφανείας
924 739 983 794 τοῦ
1002 733 1187 818 κυλίνδρου

171 837 209 902 τὸ
232 841 276 920 Ε,
303 834 358 900 καλ
385 834 449 900 άπὸ
477 844 537 900 τοῦ
564 839 596 899 Ε
621 835 830 921 παράλληλος
856 837 950 920 ήχθω
979 837 1096 926 εὐθείᾳ
1119 839 1187 905 τινλ
1268 907 1269 912 ,

171 942 301 1032 καθέτῳ
321 941 375 1009 ἐπὶ
393 945 455 1027 τὴν
474 945 540 1007 ΓΑ
557 941 657 1025 βάσιν
675 952 734 1007 τοῦ
753 944 1107 1030 παραλληλογράμμου,
1130 946 1187 1012 καὶ

171 1054 253 1116 ἐστω
277 1051 297 1135 ἡ
321 1055 393 1116 ΕΖ.
430 1048 524 1134 λέγω,
548 1049 599 1114 ὅτι
622 1048 642 1132 ή
666 1053 730 1113 ΕΖ
753 1048 846 1126 ἐντὸς
867 1061 1012 1115 πεσεῖται
1035 1060 1095 1116 τοῦ
1121 1056 1187 1117 ΓΔ

170 1157 515 1245 παραλληλογράμμου
551 1154 607 1220 καὶ
642 1154 950 1242 προσεκβαλλομένη
987 1156 1082 1244 μέχρι
1123 1169 1185 1224 τοῦ

120 1284 153 1333 10
172 1263 285 1350 ἑτέρου
302 1263 424 1348 μέρους
441 1273 499 1347 τής
513 1263 707 1347 ἐπιφανείας
726 1264 802 1346 δίχα
820 1265 1023 1346 τμηθήσεται
1041 1264 1105 1330 ὑπὸ
1125 1276 1187 1330 τοῦ
1270 1256 1272 1380 ή

171 1369 526 1456 παραλληλογράμμου.
1271 1385 1272 1394 ’

238 1495 332 1578 ήχθω
357 1494 413 1557 διά
435 1502 495 1557 τοῦ
514 1498 546 1558 Ε
567 1496 703 1577 σημείου
727 1494 815 1579 παρὰ
838 1495 897 1559 τὸν
920 1493 1060 1577 άξοναή
1082 1500 1190 1560 ΘΕΗ

172 1602 287 1666 εὐθεῖα
310 1599 475 1685 τέμνουσα
498 1600 559 1682 τήν
581 1597 795 1685 περιφέρειαν
817 1609 875 1683 τῆς
893 1600 1020 1684 βάσεως
1042 1603 1125 1666 κατὰ
1147 1604 1186 1667 τὸ
1273 1653 1274 1692 ,

174 1712 217 1792 Θ,
239 1704 294 1772 καὶ
318 1707 374 1771 διά
396 1714 457 1770 τοῦ
482 1710 511 1770 Θ
528 1705 662 1789 ήχθωή
684 1709 753 1770 ΘΚ
768 1706 976 1792 παράλληλος
994 1717 1033 1793 τῇ
1053 1706 1106 1773 ε’πὶ
1124 1710 1188 1792 τὴν
1273 1695 1274 1746 δ

119 1834 152 1882 15
173 1818 239 1880 ΓΑ
261 1812 402 1902 καθέτῳ,
424 1810 514 1899 ήτινι
536 1813 746 1898 παράλληλος
767 1811 936 1877 ὑπόκειται
955 1813 975 1897 ἡ
994 1818 1072 1878 ΕΖ·
1096 1827 1190 1899 τεμεῖ
1274 1859 1275 1888 ;

172 1924 236 2008 άρα
259 1920 279 2004 ἡ
302 1924 369 1985 ΘΚ
384 1921 446 2004 τήν
465 1922 529 1984 ΓΑ
547 1917 602 1984 καὶ
621 1919 713 2002 αὐτή.
750 1920 844 2003 ήχθω
868 1915 931 1984 οὖν
949 1920 1005 1984 διδι
1023 1929 1091 1985 τῶν
1104 1925 1187 2005 ΗΘ,

175 2031 243 2093 ΘΚ
272 2028 428 2092 ἐπίπεδον
455 2025 575 2110 τέμνον
602 2027 661 2090 τὸν
689 2026 871 2116 κύλινδρον
899 2023 955 2091 καὶ
983 2030 1116 2092 ποιείτω
1147 2029 1187 2092 τὸ

172 2139 251 2200 ΗΝ
273 2135 631 2219 παραλληλόγραμμον,
658 2129 713 2196 καὶ
741 2131 924 2216 ἐπεζεύχθω
952 2132 973 2216 ἡ
998 2135 1067 2198 ΚΛ
1089 2137 1187 2219 κοινή

172 2242 254 2326 τομὴ
278 2251 346 2305 τῶν
370 2242 449 2322 ΓΛ,
472 2243 552 2304 ΝΗ
568 2238 929 2325 παραλληλογράμμων.
976 2238 1045 2304 ἐπεὶ
1067 2245 1188 2306 τοίνυν

118 2367 153 2416 20
172 2349 209 2414 αί
233 2352 312 2432 ΕΖ,
335 2350 403 2411 ΚΘ
430 2356 469 2431 τῇ
497 2345 580 2431 αὐτῇ
608 2347 672 2410 εἰσι
698 2345 917 2432 παράλληλοι,
945 2345 1001 2411 καὶ
1028 2345 1189 2431 ἀλλήλαις

171 2457 236 2542 άρα
259 2452 322 2520 είσλ
344 2453 562 2540 παράλληλοι·
594 2455 653 2517 καί
673 2451 763 2518 ἐστιν
781 2450 801 2535 ἡ
824 2455 891 2516 ΘΚ
907 2452 943 2517 ἐν
961 2463 1007 2540 τῷ
1025 2457 1102 2518 ΚΗ
1116 2453 1188 2519 ἐπι-

170 2561 273 2652 πέδῳ·
303 2560 358 2627 καὶ
381 2561 401 2644 ή
425 2565 489 2626 ΕΖ
511 2561 576 2647 άρα
599 2558 635 2625 ἐν
658 2569 703 2648 τῳ
727 2562 803 2623 ΚΗ
823 2558 912 2624 ἐστιν
935 2558 1086 2648 ἐπιπέδῳ.
1134 2561 1189 2626 έκ-

171 2667 355 2754 βαλλομένη
379 2670 444 2754 άρα
466 2668 487 2752 ἡ
510 2672 574 2732 ΕΖ
596 2671 707 2732 πίπτει
730 2663 783 2730 ἐπὶ
806 2667 867 2749 τήν
890 2669 972 2750 ΛΚ,
999 2667 1071 2749 ήτις
1094 2667 1189 2734 ἐστὶν

172 2776 209 2841 ἐν
231 2785 276 2863 τῷ
301 2778 366 2839 ΓΔ
385 2773 536 2861 ἐπιπέδῳ.
574 2774 594 2858 ή
617 2778 681 2838 ΕΖ
704 2775 769 2859 άρα
792 2771 884 2849 ἐντὸς
905 2775 1015 2838 πίπτει
1038 2783 1098 2839 τοῦ
1118 2779 1189 2840 ΓΔ

119 2899 154 2948 25
172 2880 526 2967 παραλληλογράμμου.

244 3222 268 3271 3.
288 3211 395 3286 βάσεις]
413 3232 432 3283 p
451 3215 480 3266 et
496 3229 564 3268 corr.
580 3229 614 3267 ex
627 3210 708 3284 βάσις
725 3212 755 3266 in
771 3213 917 3268 scribendo
932 3231 955 3285 c,
975 3213 1055 3285 βάσις
1068 3216 1101 3271 V.
1159 3223 1186 3274 8.

175 3291 223 3344 ΓΔ
256 3290 400 3341 Pecorr.
419 3303 446 3354 p.
512 3290 552 3338 12.
574 3285 678 3356 ΘΕΗ]
697 3303 724 3354 p,
746 3287 835 3340 ΘΕΚ
850 3285 903 3340 VO.
969 3283 1185 3360 15.ᾔτινι]μο,

172 3355 268 3428 ἡιτῖνι
285 3358 319 3426 V,
343 3351 361 3423 ἧ
379 3359 435 3411 τίνι
453 3373 479 3410 v.
551 3357 641 3427 τεμεῖ]
660 3354 736 3426 τέμει
753 3356 786 3411 V.
879 3363 919 3412 16.
941 3359 1013 3430 ΘΚ]
1035 3361 1060 3414 Θ
1079 3376 1093 3412 e
1113 3375 1185 3416 corr.

173 3429 204 3483 in
228 3427 307 3482 sorib.
327 3427 361 3481 V.
451 3426 500 3482 καλ
518 3427 604 3498 αὐτή]
630 3443 682 3482 om.
702 3446 733 3496 p,
762 3428 811 3482 καλ
829 3425 900 3497 αὕτη
923 3427 976 3483 Vc,
1068 3436 1110 3485 21.
1131 3431 1188 3486 εἰσὶ

174 3498 355 3569 παράλληλοι]
374 3497 544 3568 παράλληλοί
564 3497 615 3552 εἰσι
633 3516 660 3566 p.
