2604 3880
458 207 507 256 na
526 206 703 257 sacrroua
722 205 816 259 conr.
1075 201 1139 266 243

129 350 186 434 qui
210 350 244 414 in
265 349 329 423 ΟΞ
349 349 530 434 descriptus
555 352 612 427 est,
632 347 688 431 qui
706 369 771 411 una
790 370 863 412 cum
882 348 957 411 dato
976 347 1140 433 triangulo

128 457 164 520 in
190 459 258 520 cl(
278 456 439 540 descripto
464 455 606 538 aequalis
631 459 680 519 est
704 454 844 519 maximo
867 454 1073 539 minimoque.

559 648 707 714 XLVIII.

197 773 231 839 Si
256 775 392 839 duorum
410 775 651 861 triangulorum
668 797 726 859 per
745 796 837 838 axem
856 774 1026 838 ductorum
1048 771 1139 838 bases

128 883 169 946 ad
201 881 394 945 diametrum
422 903 480 965 per
507 881 803 965 perpendicularem
831 880 962 944 ductam
992 879 1139 963 aequales

127 1010 222 1053 arcus
253 985 458 1071 abscindunt,
489 987 646 1072 trianguli
674 987 761 1050 inter
791 1009 824 1050 se
855 985 1004 1069 aequales
1033 990 1139 1071 erunt3

126 1097 287 1158 nocentur
315 1097 423 1158 autem
452 1094 844 1176 correspondentes.

790 1284 796 1295 a
903 1199 946 1263 sit
961 1219 1071 1282 conus,
1088 1221 1140 1263 cu·

856 1306 907 1370 ius
920 1311 1032 1371 uertex
1045 1306 1089 1370 sit
1098 1311 1140 1391 A,

857 1412 946 1476 basis
961 1415 1070 1476 autem
1080 1413 1139 1476 cir·

857 1518 948 1583 culus
969 1517 1090 1582 circum
1110 1521 1138 1581 B

892 1628 1039 1688 centrum
1063 1624 1114 1688 de

857 1731 1005 1815 scriptus,
1021 1735 1053 1794 et
1068 1730 1137 1794 axis

856 1840 935 1922 AB,
964 1837 1004 1900 ad
1032 1835 1138 1899 basim

856 1947 964 2007 autem
1003 1964 1137 2027 perpen-

858 2048 1008 2114 dicularis
1061 2054 1092 2113 A
1099 2052 1139 2134 Γ,

858 2156 1034 2221 diametrus
1081 2179 1138 2220 au-

856 2267 924 2327 tem
951 2285 1009 2346 per
1036 2284 1137 2347 punc-

856 2373 927 2433 tum
966 2369 1136 2452 perpendi-

857 2474 974 2538 cularis
990 2477 1022 2537 Γ
1040 2475 1138 2539 ducta

857 2578 1034 2664 APBE1),
1065 2602 1138 2664 pro-

122 2688 284 2753 ducantur
311 2693 419 2753 autem
445 2673 555 2774 ΖΒΗ,
580 2691 683 2752 ΘΒΚ
707 2709 800 2753 arcus
830 2685 980 2771 aequales
1004 2686 1044 2751 ad
1068 2691 1137 2752 ΕΛ

3 2851 4 2862 ,
123 2793 348 2860 abscindentes
383 2799 466 2875 KA,
490 2801 523 2859 Δ
531 2799 570 2859 H.
626 2795 711 2878 dicu,
744 2793 926 2879 triangulos
954 2815 1012 2876 per
1044 2815 1136 2858 axem

123 2900 253 2985 ductos,
276 2924 414 2987 quorum
437 2902 531 2967 bases
556 2901 621 2967 sint
647 2905 727 2988 ZH,
749 2904 826 2984 ΘΚ,
853 2900 996 2963 interae
1020 2921 1136 2983 aequa-

121 3005 169 3071 les
194 3031 272 3075 esse.

192 3118 393 3185 describatur
412 3119 532 3184 circum
552 3118 744 3182 diametrum
763 3119 827 3180 ΒΓ
840 3115 978 3181 circulus
998 3116 1136 3198 BAFM,

124 3226 344 3313 ducanturque
377 3229 459 3311 ΑΛ,
485 3229 574 3311 AM3
605 3223 715 3308 itaque
747 3221 1026 3308 perpendiculares
1061 3223 1135 3283 sunt

123 3338 192 3400 ΑΛ
215 3335 256 3399 ad
276 3337 356 3419 ΖΗ,
375 3337 453 3398 AM
477 3337 584 3396 autem
608 3331 648 3394 ad
669 3333 736 3394 ΘΚ
753 3329 857 3413 [prop.
876 3326 982 3392 XLVI
1001 3325 1134 3411 coroll.].

197 3565 222 3631 1)
240 3563 340 3630 Itaque
360 3561 479 3631 figuram
501 3567 511 3613 1
534 3559 623 3614 solam
641 3556 763 3627 respicit.
783 3574 802 3625 p
825 3555 871 3624 fig.
892 3560 907 3608 2
932 3552 1021 3608 solam
1039 3553 1135 3612 habet.

920 3644 972 3698 16·
