2594 3878
169 211 231 274 106
437 212 524 262 nm
541 211 756 262 KTAINAPOT
774 211 909 262 ΤοιιΗΣ.

166 365 224 440 τῆς
256 363 405 441 κορυφῆς
437 351 490 419 έιτλ
516 355 578 438 τήν
604 353 704 438 βώσιν
733 353 874 430 εὐθείας.
923 352 986 419 κᾶν
1013 363 1115 419 πᾶσαι
1146 355 1187 418 αἱ

167 462 273 538 οὕτως
295 458 434 545 ἠγμέναι
458 460 605 526 ἀπὸτοῦ
629 461 732 525 αὐτοῦ
756 462 892 544 σημείου
917 458 1082 543 ιἰνώλογον
1104 483 1183 544 τμη-

167 575 286 651 θώσιν,
310 568 330 652 ή
353 566 518 652 τέμνουσα
540 568 642 644 αὐτὰς
663 567 779 632 εὐθεῖα
800 565 836 632 έν
859 576 904 654 τῷ
928 569 1078 655 τριγώνῳ
1103 566 1182 650 ἀγο-

167 673 249 758 μένη
273 675 329 739 διὰ
351 683 409 758 τής
431 682 582 761 κορυφῆς
604 682 664 738 τοῦ
687 674 852 760 τριγώνου
877 673 1051 740 ἐλεύσεται.

132 813 148 862 5
234 800 399 885 τριγώνου
427 800 490 885 γὰρ
518 807 578 863 τοῦ
606 801 712 862 ΑΒΓ
739 799 891 882 εἰλήφθω
915 822 947 862 τι
970 809 1106 883 σήμεῖον
1129 797 1182 864 έκ-

167 906 223 982 τὸς
246 907 282 970 τὸ
301 912 344 990 Λ,
367 904 423 970 καὶ
446 905 509 971 ἀπὸ
533 913 593 970 τοῦ
613 911 646 969 A
667 906 797 989 διήχθω
821 904 936 970 εὐθεῖα
959 903 1123 990 τέμνουσα
1142 907 1179 970 τὸ

167 1016 332 1098 τρίγωνον
363 1012 384 1095 ἡ
413 1017 529 1096 ΛΕΖ,
562 1011 625 1076 οάιὸ
654 1008 690 1076 δέ
718 1020 776 1095 τῆς
802 1018 834 1076 Α
863 1021 1013 1097 κορυφῆς
1040 1009 1093 1076 ἐπὶ
1120 1013 1182 1095 τήν

167 1118 267 1203 βώσιν
290 1119 425 1204 ἀρθήτω
449 1118 469 1202 ἡ
489 1123 565 1184 ΛΗ
568 1123 597 1183 Θ
619 1117 784 1202 τέμνουσα
806 1119 868 1202 τήν
888 1123 963 1202 ZA,
982 1119 1066 1183 ὥστε
1084 1113 1181 1201 εἶναι,

168 1227 213 1302 ὡς
241 1229 302 1310 τήν
326 1231 392 1290 ZA
414 1227 497 1312 πρὸς
524 1227 585 1310 τήν
607 1230 690 1309 ΔΕ,
713 1225 818 1300 οὕτως
841 1226 901 1308 τήν
926 1229 997 1288 ΖΗ
1015 1225 1099 1308 πρὸς
1120 1227 1183 1308 τήν

116 1348 149 1396 10
167 1337 247 1416 ΗΕ,
270 1330 325 1396 καὶ
349 1333 478 1417 διήχθω
497 1356 548 1409 τις
566 1330 659 1418 ἑτέρα
678 1332 793 1396 εὐθεῖα
811 1330 831 1414 ἡ
851 1334 965 1406 ΔΚΛ.
1002 1329 1097 1414 λέγω,
1120 1331 1182 1414 ὅτι,

168 1440 212 1515 ώς
235 1438 255 1521 ἡ
275 1443 352 1503 MA
369 1440 453 1524 πρὸς
475 1440 536 1522 τήν
554 1443 634 1521 ΛΚ,
658 1437 764 1514 οὕτως
787 1437 807 1520 ή
826 1442 903 1502 ΜΛ
921 1438 1003 1523 πρὸς
1025 1440 1086 1522 τήν
1105 1441 1182 1502 ΛΚ.

233 1563 393 1646 ήχθωσαν
430 1563 486 1626 διὰ
527 1559 587 1646 μὲν
624 1573 691 1626 τών
723 1567 766 1645 Ε,
795 1565 829 1625 Κ
858 1565 1003 1646 σημείων
1038 1571 1078 1647 τή
1115 1565 1182 1626 AB
1231 1562 1234 1566 ’

167 1666 373 1756 παράλληλοι
400 1669 438 1733 αλ
462 1673 545 1752 ΕΝ,
569 1668 648 1751 ΚΞ,
676 1669 732 1732 διὰ
760 1664 797 1732 δέ
823 1680 890 1734 τών
917 1673 961 1751 Ε,
986 1673 1013 1732 Ζ
1040 1678 1080 1754 τῇ
1106 1673 1184 1732 MA

167 1773 372 1862 παράλληλοι
396 1777 433 1840 αλ
452 1780 527 1858 ΕΟ,
554 1779 659 1840 ΖΠΡ.
707 1772 776 1839 ἐπεὶ
799 1783 859 1839 τοῦ
882 1778 998 1840 ΛΜΚ
1017 1776 1184 1861 τριγώνου

116 1897 148 1945 15
168 1884 257 1968 παρὰ
284 1884 344 1966 τήν
367 1886 446 1946 AM
470 1879 618 1968 πλευράν
645 1881 735 1946 ἐστιν
760 1880 780 1964 ή
804 1886 887 1965 ΕΝ,
915 1881 960 1958 ώς
982 1883 1046 1967 ἄρα
1069 1879 1089 1963 ή
1113 1885 1186 1945 ΝΕ

168 1991 250 2071 πρὸς
273 1990 333 2072 τήν
357 1992 434 2072 ΕΚ,
458 1989 563 2064 οὕτως
585 1987 605 2071 ἡ
630 1993 706 2052 MA
728 1989 811 2073 πρὸς
833 1989 894 2072 τήν
912 1991 992 2071 ΛΚ,
1013 1985 1185 2052 τουτέστιν

169 2095 274 2170 οὕτως
305 2094 325 2177 ή
360 2100 425 2159 ΖΛ
457 2096 540 2181 πρὸς
566 2096 627 2178 τήν
655 2099 725 2159 ΑΡ.
776 2092 877 2158 ιιώλιν
905 2091 973 2158 ἐπεὶ
1001 2093 1021 2176 ή
1050 2097 1115 2158 ΖΛ
1143 2104 1182 2180 τῇ

168 2201 236 2274 ΚΞ
255 2199 464 2287 παράλληλός
487 2200 586 2284 ἐστιν,
610 2203 700 2266 ἔστιν
723 2202 797 2286 ἄρα,
821 2198 865 2277 ώς
888 2199 908 2284 ή
928 2204 997 2265 ΕΚ
1016 2201 1099 2286 πρὸς
1121 2202 1184 2284 τήν

168 2307 243 2391 ΚΞ,
266 2308 372 2385 οὕτως
394 2306 414 2391 ή
438 2312 506 2372 ΕΛ
528 2308 610 2390 πρὸς
632 2309 693 2391 τήν
716 2311 791 2372 AZ.
828 2305 898 2372 ἐπεὶ
920 2303 992 2391 οὖν,
1016 2306 1060 2383 ὡς
1082 2303 1182 2390 μὲνὴ

116 2429 149 2477 20
168 2420 240 2480 ΝΕ
260 2416 344 2501 πρὸς
366 2415 426 2499 τήν
449 2418 525 2498 ΕΚ,
549 2415 655 2490 οὕτως
677 2412 697 2496 ή
718 2419 783 2478 ZA
805 2415 888 2500 πρὸς
906 2415 966 2498 τὴν
986 2417 1058 2497 ΑΡ,
1082 2414 1127 2489 ὡς
1146 2411 1184 2478 δὲ

168 2522 188 2605 ή
212 2526 280 2587 ΕΚ
301 2523 384 2608 πρὸς
405 2522 467 2605 τήν
489 2520 563 2605 ΚΞ,
587 2521 693 2597 οὕτως
715 2521 736 2604 ή
759 2526 826 2585 EA
848 2522 931 2607 πρὸς
953 2520 1015 2604 τήν
1033 2527 1109 2608 ΑΖ,
1127 2519 1184 2587 καὶ

168 2628 214 2694 δι’
240 2635 314 2694 ἴσον
338 2631 402 2714 ἄρα
426 2629 462 2694 έν
481 2625 702 2714 τεταραγμένῃ
722 2626 892 2714 ἀναλογίᾳ,
911 2624 956 2704 ώς
973 2627 994 2711 ή
1013 2633 1086 2694 ΕΝ
1099 2631 1185 2714 πρὸς

167 2735 229 2818 τήν
247 2739 282 2799 Κ
285 2735 322 2818 Ξ,
346 2735 451 2811 οὕτως
473 2735 493 2818 ή
512 2740 579 2800 ΕΑ
601 2735 684 2820 πρὸς
706 2733 768 2816 τήν
787 2738 860 2817 ΛΡ,
884 2733 1060 2829 τουτέστινΙ
1078 2734 1099 2818 ή
1118 2741 1184 2801 ΕΟ

167 2843 251 2927 πρὸς
277 2840 338 2922 τήν
368 2846 441 2906 ΠΡ.
494 2839 564 2906 ἐπεὶ
592 2837 654 2906 οὗν
682 2841 699 2906 ὁ
727 2850 785 2924 τῆς
812 2845 890 2906 MA
917 2843 1000 2928 πρὸς
1026 2843 1087 2926 τήν
1112 2845 1188 2906 ΔΚ

117 2962 150 3010 25
170 2951 269 3029 λόγος
295 2946 313 3012 ὁ
342 2947 441 3022 αὐτός
468 2947 537 3012 ἐστι
564 2957 609 3034 τῷ
637 2956 695 3030 τῆς
719 2951 785 3011 ZA
807 2949 889 3033 πρὸς
911 2950 973 3032 τήν
996 2947 1065 3022 ΛΞ
1084 2951 1184 3037 λόγῳ,

170 3053 187 3119 ὁ
211 3049 248 3117 δέ
271 3060 328 3135 τῆς
349 3055 414 3116 ZA
431 3054 515 3138 πρὸς
536 3055 598 3137 τήν
615 3059 648 3118 A
654 3052 685 3127 Ξ
705 3055 802 3136 λόγος
826 3055 993 3137 σύγκειται
1017 3057 1104 3120 ἔατε
1123 3064 1185 3120 τοῦ

169 3215 381 3224 ..—-—---—-—-—

241 3322 265 3371 3.
285 3316 320 3388 ἡ]
340 3331 355 3369 ο
375 3331 443 3370 οοιυ.
462 3333 498 3370 m.
519 3323 533 3370 1
554 3333 577 3372 ο,
669 3322 711 3371 10.
735 3319 840 3443 ΔΚΛᾹ
857 3316 914 3385 Vc,
939 3322 1069 3372 AKAM
1081 3317 1187 3388 Halley

170 3407 234 3444 cum
253 3387 357 3443 Comm.
431 3393 472 3442 11.
492 3389 638 3512 JquK
653 3387 713 3479 ἷζε,
732 3405 801 3446 corr.
841 3405 922 3442 omm.
998 3395 1038 3444 14.
1059 3387 1132 3462 ἐτελ]
1151 3390 1185 3459 V,

171 3461 232 3514 ἐπεὶ
251 3456 303 3514 οὖν
322 3475 390 3512 corr.
410 3476 446 3513 m.
467 3464 481 3512 1
502 3475 535 3512 ex
568 3459 682 3514 νώτου
702 3477 724 3514 ο.
803 3463 844 3513 18.
865 3459 938 3530 ΚΞ]
958 3464 1013 3514 ΚΖ
1032 3460 1090 3529 Vc,
1116 3478 1188 3516 corr.

171 3566 274 3621 Comm.
348 3570 390 3619 22.
409 3562 610 3637 τεταραγμένῃ]
628 3543 797 3636 τεταραγμένη
817 3566 850 3620 V.
923 3570 965 3621 25.
988 3567 1055 3637 ZA]
1075 3583 1103 3636 c,
1131 3571 1189 3622 Ze
