2594 3878
437 216 487 266 nn
506 214 682 268 suorrorue
701 215 880 267 crummu.
1101 211 1165 276 105

150 358 258 443 [Eucl.
291 357 352 444 XI,
383 358 433 443 9];
479 379 556 444 ergo
603 357 701 422 etiam
747 356 834 441 ΜΞ,
876 361 952 421 ΛΝ
992 353 1165 440 parallelae

150 465 260 550 [Eucl.
280 465 394 550 1,33].

221 589 291 654 Iam
319 589 347 654 si
372 594 529 674 punctum
553 593 588 653 K
606 589 775 653 illustrans
799 610 868 652 esse
892 588 1167 674 supposuerimus,

150 696 494 782 parallelogrammum
532 700 641 760 autem
673 701 705 759 A
711 698 743 759 Γ
769 695 868 758 radiis
901 694 1060 781 officiens,
1096 695 1166 760 siue

150 825 213 888 per
237 824 271 867 se
294 806 400 866 exstat
424 802 493 867 siue
516 802 550 866 in
574 802 733 886 cylindro,
762 801 902 886 eueniet,
926 805 965 864 ut
987 802 1069 866 radii
1093 825 1112 866 a
1134 805 1169 867 K

147 908 333 974 illustranti
365 909 568 994 egredientes
600 909 698 974 rectis
727 912 817 991 MA,
844 911 883 972 N
885 908 915 981 Ξ
941 908 1167 993 terminentur,

150 1019 190 1081 et
208 1015 351 1100 spatium
368 1015 455 1080 inter
472 1014 645 1099 parallelas
659 1019 750 1096 MA,
765 1013 836 1087 ΞΝ
851 1015 1079 1079 adumbratum
1096 1015 1166 1079 erit.

220 1122 287 1187 iam
318 1126 351 1186 et
382 1127 467 1204 ΔΛ,
505 1124 566 1186 ΓΒ
599 1126 633 1186 et
663 1125 749 1204 NA,
782 1120 859 1194 ΞΜ
884 1121 1056 1205 parallelas
1088 1143 1168 1206 esse,

146 1230 409 1294 demonstratum
450 1232 513 1314 est3
554 1228 610 1293 sed
645 1227 694 1292 ita
728 1249 796 1292 non
832 1228 1047 1313 adparebunt3
1088 1250 1165 1292 nam

150 1335 384 1401 distantiarum
408 1339 497 1419 AM,
525 1339 564 1401 N
566 1335 597 1410 Ξ
622 1336 715 1400 oculo
738 1335 871 1420 propior
893 1335 997 1401 maior
1020 1335 1167 1420 adparet,

153 1444 236 1507 haec
255 1447 364 1507 autem
382 1465 422 1507 ex
436 1440 562 1526 Opticis
577 1442 866 1527 transsumpsimus
882 1441 987 1526 [Eucl.
1002 1440 1106 1526 Optio.
1122 1441 1167 1525 6].

224 1565 383 1642 Quoniam
410 1571 519 1631 eutem
547 1571 798 1632 consentancum
826 1571 876 1631 est
901 1565 988 1631 idem
1011 1565 1110 1630 etiarn
1132 1565 1168 1629 in

148 1695 236 1740 cono
262 1676 475 1758 pertractare,
506 1673 583 1757 quia
608 1673 731 1757 ellipsis
755 1671 828 1738 coni
855 1672 1055 1758 cylindrique
1084 1695 1168 1738 com·

147 1780 260 1845 munis
285 1783 349 1865 est,
375 1779 410 1844 in
434 1779 579 1865 cylindro
603 1783 711 1844 autem
740 1779 924 1863 quaesitum
947 1783 1010 1864 est,
1041 1779 1108 1844 iam
1130 1780 1166 1843 in

148 1908 235 1953 cono
260 1908 388 1972 quoque
412 1908 613 1970 quaeramus.

601 2079 717 2146 XXXI.

222 2206 257 2272 Si
285 2211 376 2271 extra
403 2206 604 2292 triangulum
630 2210 788 2290 punctum
817 2207 970 2292 sumitur,
999 2208 1164 2291 abeoquo

148 2318 244 2380 recta
271 2313 400 2379 ducitur
427 2312 628 2398 triangulum
651 2335 779 2398 secans,
806 2313 969 2378 auertiue
992 2318 1102 2378 autem
1126 2314 1166 2377 ed

150 2421 261 2486 basim
288 2419 352 2484 alia
379 2423 468 2484 recta
493 2419 622 2485 ducitur
643 2424 766 2484 rectam
788 2424 951 2484 secantem
973 2419 1021 2483 ita
1044 2441 1165 2503 secans,

150 2532 193 2593 ut
212 2527 263 2611 sit,
282 2530 320 2590 ut
337 2530 409 2590 tota
427 2530 515 2591 recta
534 2547 646 2590 secans
666 2526 707 2589 ad
719 2530 846 2609 partem
861 2529 952 2589 extra
965 2525 1165 2611 triangulum

150 2633 311 2720 positam,
341 2632 390 2696 ita
421 2636 527 2697 rectae
558 2631 646 2695 intra
681 2631 882 2716 triangulum
914 2631 1059 2696 abscisae
1088 2655 1163 2716 pars

151 2738 259 2804 maior
300 2739 340 2802 ad
380 2739 552 2821 minorem,
594 2759 676 2821 quae
716 2736 802 2821 parti
839 2741 930 2802 extra
965 2737 1166 2824 triangulum

149 2822 281 2932 positae
299 2845 432 2930 propior
450 2849 509 2930 est,
528 2865 735 2928 quaecunque
754 2847 843 2908 recta
862 2867 881 2908 a
898 2848 1020 2929 puncto
1035 2850 1165 2930 sumpto

151 2951 285 3018 ducitur
307 2951 508 3038 triangulum
531 2972 653 3036 secans,
676 2973 696 3015 a
717 2956 807 3015 recta
825 2974 845 3016 a
862 2951 983 3016 uertice
1002 2951 1042 3016 ad
1060 2952 1163 3018 basim

151 3060 254 3124 ducta
281 3057 457 3123 secundum
480 3058 613 3122 eandem
637 3057 881 3143 proportionem
905 3063 993 3123 secta
1016 3059 1086 3123 erit.
1133 3063 1166 3123 et

150 3166 181 3231 si
203 3186 314 3229 omnes
333 3169 440 3230 rectae
460 3165 500 3230 ab
520 3165 632 3230 eodem
650 3168 771 3248 puncto
790 3163 838 3228 ita
856 3165 971 3231 ductae
990 3165 1166 3230 secundum

149 3426 293 3500 ασμὲνον]
320 3428 423 3498 Halley
446 3445 509 3482 cum
533 3426 651 3496 comm,
681 3425 867 3496 ἐσκιασμὲνωτ
890 3428 944 3482 Vc.
1040 3431 1081 3479 19.
1105 3426 1165 3498 λα’]

151 3518 208 3554 om.
223 3499 255 3554 V.
331 3505 373 3554 26.
392 3501 441 3571 τῷ]
460 3499 490 3554 τό
510 3499 559 3567 Vc,
579 3515 647 3552 corr.
662 3495 771 3567 Helley.
845 3504 886 3552 28.
908 3498 982 3552 ἔσται
1000 3493 1166 3568 τετμημένη]

151 3569 261 3642 scripsi,
281 3568 434 3640 τετμημένη
454 3571 511 3640 Vc,
530 3567 660 3640 τέτμηται
678 3568 789 3638 Halley.
