2604 3880
150 230 215 294 278
465 233 551 283 ΠΕΡΙ
568 232 696 284 ΚΩΝΟΤ
714 233 850 286 ΤΟΜΗΣ.

637 427 676 506 ξ’.

215 550 290 616 Ἐάν
318 553 380 617 δύο
407 554 525 618 κώνων
552 552 667 639 ὀρθῶν
694 552 714 635 ἡ
742 552 838 636 βάσις
864 553 947 637 πρὸς
977 553 1038 635 τὴν
1059 551 1160 633 βάσιν

151 659 348 723 διπλασίονα
376 661 477 741 λόγον
500 662 556 745 ἔχῃ
579 661 660 745 ἤπερ
684 659 702 724 6
725 669 831 734 κῶνος
852 659 935 744 πρὸς
957 659 1017 722 τὸν
1038 666 1159 738 κῶνον,

150 765 191 828 τά
214 765 270 829 διά
292 775 360 830 τῶν
382 763 511 843 ἀξόνων
533 769 678 851 τρίγωνα
702 771 757 829 ίσα
780 764 934 847 ἀλλήλοις
957 767 1056 828 ἔσται.

115 885 131 931 5
217 873 365 936 ἔστωσαν
391 882 493 936 κῶνοι
521 871 635 957 ὀρθοί,
663 866 711 936 ὧν
737 869 882 956 κορυφαί
909 867 971 954 μὲν
993 871 1033 934 τὰ
1056 875 1102 953 A,
1131 873 1160 932 B

150 990 277 1062 σημεῖα,
300 977 412 1061 βάσεις
435 974 472 1042 δὲ
495 979 530 1042 οί
549 976 625 1063 περὶ
647 979 687 1041 τά
706 981 750 1060 H,
776 981 804 1042 Θ
826 975 946 1062 κέντρα
969 977 1095 1060 κύκλοι,
1118 976 1160 1040 τά

151 1081 187 1149 δὲ
211 1086 266 1149 διά
293 1095 360 1150 τῶν
387 1083 515 1162 ἀξόνων
542 1089 688 1169 τρίγωνα
710 1084 750 1147 τά
773 1086 891 1166 ΑΓΔ,
919 1087 1031 1165 ΒΕΖ,
1060 1081 1158 1166 ἐχέτω

150 1187 188 1255 δὲ
210 1191 227 1256 6
251 1195 290 1256 Η
308 1193 428 1268 κύκλος
450 1193 533 1277 πρὸς
555 1193 614 1256 τὸν
639 1196 668 1256 Θ
690 1193 888 1255 διπλασίονα
912 1193 1012 1271 λόγον
1034 1191 1116 1274 ἥπερ
1140 1189 1158 1254 6

150 1300 294 1362 ΑΗΓΔ
316 1309 422 1375 κῶνος
444 1300 534 1388 πρὸς,
544 1300 603 1363 τὸν
621 1302 763 1363 ΒΘΕΖ.
805 1295 899 1380 λέγω,
923 1297 973 1362 ὅτι
992 1297 1032 1361 τά
1051 1300 1160 1378 ΑΓΛ,

99 1416 132 1463 10
150 1407 248 1468 ΒΕΖ
271 1407 416 1489 τρίγωνα
440 1411 495 1469 ίσα
518 1403 672 1487 ἀλλήλοις
695 1403 793 1469 ἐστίν.

218 1514 315 1593 ἔστω,
353 1511 398 1588 ὡς
433 1511 451 1576 6
488 1513 628 1576 ΑΗΓΔ
661 1521 767 1585 κῶνος
802 1511 885 1595 πρὸς
920 1511 980 1574 τὸν
1011 1513 1161 1592 ΒΘΕΖ,

151 1616 257 1693 οὕτως
280 1617 298 1682 6
323 1621 351 1681 Β
359 1622 455 1682 ΘΕΖ
478 1619 561 1702 πρὸς
583 1618 643 1682 τὸν
665 1621 700 1680 K
705 1620 809 1681 ΘΕΖ.
851 1613 920 1680 ἐπεὶ
943 1615 960 1680 ὁ
984 1619 1024 1678 Η
1041 1616 1161 1691 κύκλος

150 1723 233 1808 πρὸς
247 1723 306 1788 τὸν
318 1727 347 1788 Θ
360 1724 483 1788 κύκλον
498 1724 695 1788 διπλασίονα
710 1725 810 1803 λόγον
825 1724 890 1806 ἔχει
899 1723 981 1807 ἥπερ
992 1722 1010 1787 6
1021 1727 1053 1785 Α
1058 1725 1097 1785 Η
1100 1725 1161 1785 ΓΔ

149 1839 256 1906 κῶνος
285 1831 368 1916 πρὸς
394 1831 452 1895 τὸν
475 1834 504 1894 Β
513 1834 609 1894 ΘΕΖ
637 1840 760 1912 κῶνον,
789 1827 872 1893 ἀλλά
897 1826 952 1892 καλ
976 1828 994 1893 6
1018 1830 1159 1892 ΑΗΓΔ

99 1946 133 1996 15
151 1947 258 2013 κῶνος
280 1938 363 2023 πρὸς
385 1938 444 2002 τὸν
462 1940 497 2001 Κ
502 1941 598 2002 ΘΕΖ
621 1947 730 2001 κῶνον
754 1937 951 2000 διπλασίονα
974 1937 1075 2016 λόγον
1095 1937 1160 2017 ἔχει

149 2043 232 2127 ἥπερ
260 2041 278 2106 6
306 2046 447 2107 ΑΗΓΔ
474 2053 580 2118 κῶνος
607 2044 691 2127 πρὸς
717 2044 776 2107 τὸν
803 2046 951 2125 ΒΘΕΖ,
979 2041 1024 2117 ὡς
1051 2043 1114 2126 ἀρα
1142 2041 1160 2106 6

150 2150 190 2210 H
209 2148 328 2223 κύκλος
350 2149 433 2232 πρὸς
455 2149 514 2212 τὸν
536 2150 715 2230 Θκύκλον,
738 2147 843 2224 οὕτως
862 2148 879 2212 6
902 2150 1037 2212 ΑΗΓΔ
1054 2157 1161 2222 κῶνος

149 2253 233 2337 πρὸς
250 2253 310 2317 τὸν
323 2257 358 2317 Κ
363 2259 459 2318 ΘΕΖ
473 2264 591 2319 κῶνον.
629 2255 712 2318 ὥστε
727 2251 796 2318 ἐπεὶ
810 2255 845 2318 oc
856 2259 888 2317 Α
893 2258 932 2317 Η
935 2257 995 2317 ΓΛ
1000 2301 1009 2335 ,
1023 2256 1057 2317 Κ
1063 2257 1128 2317 ΘΕ
1133 2257 1160 2316 Ζ

97 2477 132 2526 20
151 2464 216 2531 είσὶ
240 2468 296 2532 διὰ
319 2469 356 2532 τὸ
380 2467 604 2554 ἀντίστροφον
626 2476 687 2532 τοῦ
709 2469 924 2552 θεωρήματος
946 2475 1006 2530 τοῦ
1029 2463 1075 2549 ιβ’
1093 2477 1161 2530 τῶν

151 2576 347 2658 Στοιχείων·
373 2580 426 2658 ἴση
450 2576 514 2658 ἀρα
538 2573 628 2674 ἐστὶν
651 2575 671 2658 ἡ
695 2577 771 2638 ΑΗ
789 2584 828 2659 τῇ
853 2576 887 2637 Κ
892 2577 927 2637 Θ.
965 2569 1034 2636 ἐπεὶ
1055 2567 1119 2660 οὖν
1143 2571 1161 2637 6

225 2790 248 2838 1.
268 2784 309 2908 fi]
328 2801 380 2839 om.
395 2785 429 2854 V,
449 2784 496 2853 νη’
511 2803 537 2854 p.
612 2791 635 2838 2.
657 2783 707 2839 ἐὰν
727 2783 790 2854 δύο]
809 2801 835 2851 v,
855 2799 935 2836 euan.
950 2781 984 2850 V,
1006 2797 1160 2850 suprascr.

150 2873 186 2908 m.
207 2871 275 2923 1663
310 2854 346 2910 ἀν
364 2874 391 2925 p.
463 2855 585 2924 πρός-
605 2861 629 2910 4.
651 2854 737 2926 ἔσται]
757 2871 798 2924 vp
817 2853 957 2922 (ἀλλήλαις
975 2854 1016 2922 v),
1036 2851 1160 2920 euanV,

150 2942 207 2996 rep.
222 2943 278 2995 mg.
293 2944 329 2980 m.
345 2943 398 2981 ree.
473 2932 497 2980 6.
517 2924 657 2998 κορυφαί]
675 2945 703 2997 p,
722 2924 834 2994 κορυφή
852 2925 908 2979 Vv.
983 2929 1006 2977 ἵ.
1025 2924 1114 3008 ΑῌΓΔ]
1133 2941 1161 2992 p,

151 3019 233 3068 ΑΒΔ
251 3014 284 3068 V.
357 3020 381 3069 8.
403 3016 439 3087 Θ]
457 3034 512 3085 ηις
532 3032 612 3070 euan.
627 3015 660 3083 V,
680 3027 735 3084 mg.
756 3019 778 3067 B
797 3031 832 3068 m.
853 3019 882 3083 2,
906 3011 1021 3082 ,ἀλοῶντα
1040 3017 1061 3066 Β
1080 3014 1161 3065 extra

153 3084 254 3139 seriem
282 3084 394 3140 adiecta
421 3086 579 3141 redundare
607 3085 737 3140 uidetur“
764 3103 801 3140 m.
828 3101 881 3138 rec.
981 3089 1005 3136 9.
1033 3083 1161 3154 ΑΗΓΔ]

150 3159 237 3210 ΑΗΔ
254 3174 281 3225 p.
338 3162 379 3211 10.
400 3155 458 3229 ίσα]
477 3176 532 3227 vp,
553 3157 642 3227 suppl.
661 3175 698 3211 m.
717 3173 771 3211 τοο.
786 3156 820 3210 V.
884 3160 924 3208 11.
944 3154 1014 3222 πρὸς
1031 3153 1092 3224 τόν]
1111 3171 1161 3222 vp,

152 3227 241 3297 suppl.
257 3245 293 3282 m.
308 3243 361 3282 rec.
372 3228 405 3296 V,
426 3228 528 3296 „sicin
542 3228 722 3298 apograph0“
742 3245 797 3297 mg.
856 3227 980 3297 ΒΘΕΖ]
999 3243 1026 3294 p.
1047 3227 1166 3284 ΒΘΕΞ

151 3298 207 3352 Vv.
264 3305 304 3353 12.
325 3302 438 3354 ΒΘΕΖ
467 3318 495 3369 p,
515 3302 633 3359 ΒΘΕΞ
648 3300 704 3353 Vv.
760 3297 889 3368 ΚΘΕΖ]
910 3297 966 3350 des.
985 3295 1161 3350 f01.2371V.

187 3369 291 3423 ἐπεί-
303 3375 344 3426 16.
360 3369 443 3440 λόγον
473 3389 509 3426 m.
521 3377 537 3424 3
551 3372 577 3425 V
591 3370 650 3440 (cfr.
666 3371 703 3424 ad
717 3389 743 3439 p.
760 3376 819 3437 276,
836 3370 893 3438 14);
912 3366 1019 3421 contuli
1033 3365 1121 3420 etiam
1135 3385 1161 3420 v.

188 3439 326 3512 1λ..ίπεί]
345 3460 371 3512 v,
390 3442 438 3498 καὶ
453 3441 517 3496 ἐπεί
531 3443 588 3512 Vp.
646 3447 686 3495 14.
707 3442 828 3512 ΑΗΓΔ]
847 3457 897 3508 vp,
917 3456 986 3493 corr.
1002 3454 1036 3492 ex
1050 3439 1163 3492 ΒΘΕΖ

151 3511 251 3564 eadem
268 3529 354 3566 manu
372 3513 405 3569 V.
479 3519 520 3568 16.
541 3513 640 3583 6(pr.)]
659 3531 685 3580 v,
706 3529 789 3580 supra
808 3511 861 3566 lac.
880 3529 915 3564 m.
935 3526 988 3564 rec.
1008 3508 1041 3577 V,
1061 3525 1114 3562 om.
1134 3526 1161 3577 p.

187 3585 298 3636 ΑΗΓΔ
316 3585 416 3656 κῶνος]
437 3601 489 3640 om.
504 3603 530 3654 p.
597 3590 638 3637 19.
659 3583 797 3653 ἰσοϋψεῖς]
816 3600 866 3652 vp,
886 3597 966 3635 euan.
981 3579 1014 3649 V,
1032 3595 1089 3648 rep.
1105 3596 1162 3648 mg.
