2594 3878
173 223 236 287 150
480 223 567 273 ΠΕΡΙ
584 222 713 274 ΚΩΒῘΟΤ
731 221 868 276 ΤΟΜΗΣ.

171 376 231 431 τοῦ
259 365 322 431 άπὸ
341 369 410 429 ἈΒ
438 368 546 449 μεῖζόν
574 365 664 430 ἐστιν
695 361 745 429 ἑνὶ
772 374 817 451 τῷ
846 364 909 428 άπὸ
933 367 1016 446 ΒΗ,
1047 363 1084 427 τὸ
1116 364 1187 448 άρα

173 472 237 537 άπὸ
261 476 326 536 ΒΘ
348 481 407 536 τοῦ
431 471 494 537 άπὸ
517 475 593 536 ΑΗ
606 473 716 555 μεῖζόν
739 470 807 535 ἐστι
830 480 875 559 τῷ
902 469 965 535 άπὸ
989 473 1066 534 ΒΗ.
1112 472 1186 534 ἔστι

174 575 211 642 δέ
233 576 288 643 καλ
310 587 370 643 τοῦ
394 577 457 644 άπδ
480 582 551 642 ΗΘ
573 588 619 666 τῷ
643 578 707 643 ἀπὸ
729 582 798 642 ΗΒ
821 580 931 661 μεῖζον
954 577 991 643 τὸ
1015 576 1078 641 άπὸ
1102 580 1185 640 ΒΘ·

174 683 329 771 ἑκατέρου
353 687 416 771 άρα
438 696 505 750 τῶν
528 685 590 749 άπὸ
610 688 692 768 ΑΗ,
711 688 781 748 ΗΘ
802 693 848 772 τῳ
867 683 956 772 αὐτῷ
975 682 1123 768 ὑπερέχει
1145 683 1185 746 τὸ

138 791 237 857 σάπὸ
256 795 333 856 ΒΘ·
358 797 431 856 ἴσον
450 793 514 877 άρα
532 792 569 856 τὸ
589 791 652 855 άπὸ
671 795 748 855 ΑΗ
761 799 806 878 τῷ
826 789 890 868 άτιὸ
907 794 980 854 ΗΘ
997 788 1052 855 καὶ
1070 790 1090 874 η
1109 793 1192 854 ΑΗ

172 909 212 984 τῇ
235 901 314 962 ΗΘ.
358 901 417 962 καί
437 897 504 963 ἐστι
527 895 582 962 καὶ
605 897 625 981 ἡ
650 901 723 960 ΖΗ
741 905 779 982 τῇ
799 901 870 961 ΗΘ
893 903 960 980 λ’ση·
983 897 1003 981 η
1027 899 1090 980 άρα
1109 901 1191 961 ΑΗ

174 1011 227 1089 ι”ση
256 1004 323 1071 ἐστὶ
352 1017 391 1091 τῇ
414 1004 544 1091 ἡμισείᾳ
570 1011 628 1087 τῆς
653 1007 723 1067 ΖΘ.
769 1001 827 1066 ἐάν
850 1004 914 1089 άρα
940 1002 995 1067 διά
1018 1014 1084 1068 τῶν
1109 1007 1184 1088 ΖΘ,

174 1117 210 1177 Η
215 1119 246 1177 Α
260 1101 482 1197 διεκβάλωμεν
496 1111 660 1193 ἐπίπεδον,
679 1113 768 1174 ἔσται
782 1112 946 1196 τρίγωνον
961 1107 997 1174 έν
1011 1117 1056 1196 τῷ
1071 1111 1183 1198 κώνῳ·

173 1219 334 1303 γεγονέτω
356 1220 393 1284 τὸ
412 1225 444 1283 Α
450 1222 521 1282 ΖΘ.
558 1215 627 1282 ἐπεὶ
650 1213 712 1282 οὖν
734 1219 898 1303 τρίγωνόν
922 1216 1012 1281 ἐστιν
1031 1216 1067 1281 έν
1084 1219 1183 1306 κώνῳ

123 1345 155 1392 ιο
174 1330 211 1392 τὸ
234 1331 353 1408 ΑΖΘ,
381 1321 422 1390 οὗ
444 1325 464 1409 η
488 1323 550 1389 ἀπὸ
573 1332 631 1407 τῆς
654 1333 803 1409 κορυφῆς
824 1323 965 1399 κάθετος
987 1322 1008 1406 ἡ
1031 1328 1108 1388 ΑΗ
1127 1331 1183 1408 ἴση

174 1432 243 1498 ε’στὶ
266 1444 305 1518 τῇ
328 1433 459 1518 ἡμισείᾳ
480 1439 538 1514 τῆς
555 1430 691 1513 βάσεως,
714 1431 751 1494 τὸ
771 1436 803 1494 Α
809 1434 873 1494 ΖΘ
895 1431 958 1515 άρα
982 1433 1092 1513 μεῖζόν
1113 1430 1184 1496 ἐστι

173 1541 307 1603 πάντων
323 1549 390 1602 τῶν
404 1538 440 1602 έν
454 1547 499 1621 τῷ
514 1537 608 1624 κώνῳ
628 1535 813 1620 γινομένων
827 1537 1001 1622 τριγώνων
1014 1537 1185 1621 ἀνομοίων

174 1645 278 1734 αὐτῷ·
302 1645 380 1730 ὅπερ
405 1645 470 1709 ἔδει
492 1652 635 1727 ποιῆσαι.

654 1862 704 1903 ιε.

122 1982 155 2030 15
246 1967 316 2031 Τὸν
335 1963 479 2030 δοθέντα
497 1975 606 2028 κῶνον
624 1964 680 2028 διὰ
698 1971 758 2027 τοῦ
777 1960 893 2040 ἄξονος
912 1961 1053 2052 έπιπέδῳ
1072 1977 1185 2048 τεμεῖν

175 2073 257 2157 πρὸς
280 2071 386 2157 ὀρθὰς
408 2081 447 2157 τῇ
470 2071 572 2154 βάσει.

241 2181 322 2243 ε”στω
342 2178 359 2243 6
380 2175 494 2254 δοθεὶς
511 2188 625 2259 κῶνος,
649 2171 689 2242 οὗ
707 2177 838 2262 κορυφὴ
857 2172 916 2260 μὲν
934 2177 971 2242 τὸ
986 2183 1018 2241 Α
1036 2189 1184 2261 σημεῖον,

174 2285 271 2370 βάσις
294 2281 330 2349 δὲ
352 2284 370 2350 6
393 2281 469 2370 περὶ
491 2283 528 2347 τὸ
547 2286 575 2346 Β
598 2280 736 2368 κέντρον
754 2283 883 2364 κύκλος,
907 2280 994 2359 άξων
1013 2280 1050 2347 δὲ
1068 2283 1085 2348 6
1105 2288 1184 2367 ΑΒ,

174 2391 230 2458 καὶ
262 2389 339 2457 δέον
367 2395 448 2457 έστω
476 2391 536 2455 τὸν
564 2400 674 2454 κῶνον
700 2401 808 2473 τεμεῖν
836 2389 892 2452 διά
918 2397 976 2471 τῆς
1003 2392 1068 2453 ΑΒ
1100 2390 1185 2474 πρὸς

122 2513 156 2562 20
175 2500 281 2586 ὀρδδις
303 2509 343 2586 τῇ
365 2499 468 2584 βάσει.

242 2609 273 2672 εἰ
298 2603 359 2692 μὲν
382 2602 443 2672 οὖν
466 2605 570 2692 ὀρθός
593 2603 682 2669 ἐστιν
704 2603 722 2668 6
745 2613 864 2685 κῶνος,
894 2603 1011 2685 δῆλον,
1038 2601 1083 2678 ώς
1104 2602 1126 2684 ἥ
1148 2626 1185 2667 τε

177 2718 243 2778 ΑΒ
266 2715 348 2799 πρὸς
371 2712 476 2798 ὀρθάς
499 2711 567 2777 έστι
590 2721 629 2796 τῇ
652 2710 756 2794 βάσει,
778 2705 833 2772 καλ
856 2707 962 2772 πάντα
985 2709 1025 2772 τά
1048 2708 1104 2772 διὰ
1126 2717 1186 2791 τῆς

177 2826 209 2884 Α
215 2825 243 2883 Β
272 2820 407 2884 ἐπίπεδα
435 2818 655 2901 ἐκβαλλόμενα
684 2816 766 2901 πρὸς
788 2814 894 2900 ὀρθάς
917 2813 985 2879 ἐστι
1013 2823 1052 2899 τῇ
1075 2813 1184 2896 βάσει·

178 2928 260 2990 ὥστε
283 2926 319 2990 τὸ
343 2927 441 2989 ΑΓΔ
468 2927 632 3010 τρίγωνον
660 2923 715 2986 διά
737 2930 795 3004 της
817 2925 883 2984 ΑΒ
911 2919 951 2985 δν
973 2921 1055 3006 πρὸς
1078 2919 1186 3006 ὀρθάς

124 3045 158 3094 25
178 3029 245 3094 ἐστι
268 3041 306 3115 τῇ
329 3031 431 3113 βάσει.

244 3136 327 3201 ἀλλά
355 3138 396 3220 δη
420 3137 582 3220 σκαληνὸς
608 3137 690 3200 ἔστω
713 3133 731 3199 6
754 3144 872 3210 κῶνος·
899 3132 919 3216 ἡ
943 3135 1007 3220 ἄρα
1030 3137 1094 3198 ΑΒ
1123 3135 1186 3199 οὔκ

179 3245 246 3312 ἐστι
264 3245 347 3332 πρὸς
365 3243 471 3330 ὀρθάς
488 3253 527 3329 τῇ
546 3242 648 3327 βάσει.
680 3239 822 3306 πιπτέτω
837 3243 952 3305 τοίνυν
968 3241 989 3324 η
1004 3239 1066 3305 άπὸ
1080 3249 1138 3324 τῆς
1151 3248 1186 3306 Α

250 3509 437 3582 3.τῶ]τόμ.
515 3509 704 3578 ΗΒ]ΒΘμ.
777 3505 920 3576 τά]τῶμ.
994 3505 1184 3576 ΒΘ]ΒΗρ.

215 3587 239 3636 6,
256 3587 286 3635 Η
290 3567 397 3652 Θ’(με.)]
414 3583 472 3635 ΗΘ
483 3577 526 3648 ἴση
541 3597 567 3648 p.
623 3581 647 3632 8.
662 3559 919 3648 διεκβάλωμενῘομ,
934 3572 1188 3646 διεκβάλλωμενν.
