2594 3878
163 231 226 294 134
479 234 566 284 ΠΕΡΙ
584 232 712 284 Κααου
730 232 865 284 ΤοΜΗΣ.

646 436 689 494 η.

226 533 303 601 Ἐἄν
330 536 366 600 έν
394 537 489 624 κώνῳ
518 535 611 622 ὀρθῳ
640 536 677 598 τὸ
703 535 759 598 διὰ
782 542 841 598 τοῦ
865 532 981 610 ἄξονος
1008 535 1175 617 τρίγωνον

161 640 316 725 μέγιστον
334 637 355 728 ᾗ
373 643 509 707 τιᾶντων
527 653 594 706 τῶν
611 639 702 717 ἐκτὸς
719 649 779 706 τοῦ
793 638 910 717 ἄξονος
924 637 1175 723 συνισταμένων

162 749 349 833 τριγώνων,
378 749 396 814 ὁ
420 747 507 827 ἄξων
530 757 590 812 τοῦ
613 749 724 811 κώνου
748 747 808 810 οὐκ
832 746 980 810 ἐλάσσων
1004 749 1093 810 ἔσται
1118 755 1176 828 τῆς

126 853 196 918 σέκ
218 864 278 920 τοῦ
302 855 442 942 κέντρου
466 865 524 938 τῆς
546 855 681 938 βᾶσεως.

229 965 311 1028 έστω
335 975 452 1046 κῶνος,
476 959 516 1028 οὗ
540 963 670 1047 κορυφὴ
694 957 754 1044 μὲν
776 961 813 1024 τὸ
833 965 875 1042 Α,
899 957 986 1036 ἄξων
1010 955 1045 1022 θλ
1069 957 1089 1040 ἡ
1109 963 1176 1022 ΑΒ

161 1069 292 1151 εὐθεῖα,
320 1069 416 1152 βᾶσις
440 1065 476 1132 δέ
499 1068 517 1133 ὁ
540 1065 616 1153 περὶ
638 1069 675 1132 τὸ
700 1071 728 1130 Β
755 1065 892 1150 κέντρον
915 1067 1049 1147 κύκλος,
1077 1066 1114 1129 τὸ
1139 1062 1176 1129 δὲ

161 1177 217 1240 θιᾶ
239 1186 300 1260 τοῦ
320 1174 436 1253 ἄξονος
454 1179 619 1260 τρίγωνον
637 1175 674 1239 τὸ
692 1179 724 1237 Α
730 1177 791 1237 ΓΛ
809 1171 963 1256 μέγιστον
982 1172 1021 1237 ὃν
1039 1173 1175 1237 πάντων

160 1295 228 1347 τῶν
256 1283 292 1347 ἐν
319 1292 364 1370 τῳ
396 1284 491 1369 κώνῳ
522 1279 771 1365 συνισταμένων
798 1281 971 1364 τριγώνων
995 1277 1087 1354 ε’κτὸς
1114 1287 1174 1343 τοῦ
1223 1353 1226 1362 .

108 1402 142 1449 10
161 1389 287 1466 ἄξονος.
338 1388 438 1472 λέγω,
467 1389 517 1452 ὅτι
541 1387 561 1470 ἡ
586 1392 652 1452 ΑΒ
681 1389 742 1451 οᾶκ
766 1386 855 1450 ἐστιν
883 1385 1027 1450 ε’λᾶττων
1054 1395 1113 1469 τῆς
1141 1385 1175 1449 ἐκ

160 1505 221 1560 τοῦ
244 1494 392 1580 κέντρου.

227 1604 258 1665 εί
284 1603 348 1686 γᾶρ
377 1603 537 1684 δυνατόν,
570 1603 652 1665 ε”στω
681 1600 839 1682 έλᾶττων,
872 1597 927 1663 καὶ
949 1600 1044 1682 ἤχθω
1069 1597 1105 1662 ἐν
1130 1607 1175 1685 τῷ

159 1709 269 1796 κύκλῳ
303 1709 385 1793 πρὸς
413 1708 520 1793 ὀρθὰς
547 1717 586 1792 τη
615 1710 676 1771 ΓΛ
703 1707 723 1790 ἡ
750 1710 824 1770 ΒΕ.
877 1704 932 1769 καλ
960 1703 1028 1769 ε’τιελ
1060 1703 1080 1787 ἡ
1108 1705 1174 1769 ὑπὸ

162 1820 265 1880 ΑΒΕ
286 1819 391 1897 γωνιά
415 1815 503 1900 ὀρθη
527 1813 631 1898 ἐστιν,
659 1815 679 1898 η
703 1816 767 1898 ἄρα
789 1814 829 1878 τὰ
852 1820 894 1895 A,
913 1818 944 1876 Ε
965 1823 1082 1896 σημεῖα
1106 1811 1174 1876 ε’ττι-

109 1933 141 1982 15
162 1924 366 2005 ζευγνᾶουσα
390 1922 506 1986 εὐθεία
524 1924 643 2005 μείζων
663 1917 731 1985 ἐστὶ
750 1929 807 2003 τῆς
826 1919 861 1984 ἐκ
880 1928 939 1983 τοῦ
958 1918 1098 2004 κέντρου
1118 1927 1175 2002 τῆς

160 2034 188 2093 Β
194 2035 232 2093 Β.
266 2029 324 2093 ε’ἄν
343 2031 407 2114 ἄρα
427 2035 481 2109 ίση
501 2037 540 2112 τῇ
559 2026 595 2090 ἐκ
613 2035 673 2090 τοῦ
693 2024 833 2110 κέντρου
849 2025 986 2090 ἀπὸτοῦ
1002 2032 1033 2089 A
1051 2024 1117 2090 ὑπὸ
1135 2035 1174 2110 τῇ

159 2135 224 2199 ὑπὸ
240 2140 345 2198 ΑΒΕ
357 2138 462 2220 γωνίᾳ
477 2133 679 2217 ἐναρμοσθῇ,
698 2132 818 2217 μεταξὺ
832 2144 978 2197 πεσεῖται
992 2143 1059 2196 τῶν
1074 2136 1103 2195 Β
1117 2129 1173 2196 καὶ

160 2246 191 2305 Ε
212 2244 365 2325 σημείων.
403 2239 599 2324 ἐνηρμόσθω
618 2239 639 2322 ἡ
660 2243 725 2301 ΑΖ
750 2245 804 2321 ίση
827 2249 866 2324 τῇ
890 2238 925 2303 ἑκ
944 2247 1004 2303 τοῦ
1023 2237 1174 2319 κέντρου,

160 2346 216 2412 καλ
239 2348 294 2412 διὰ
322 2357 381 2412 τοῦ
408 2352 434 2411 Ζ
462 2347 551 2431 τιαρᾶ
576 2348 639 2428 τὴν
662 2348 723 2410 ΓΔ
750 2347 845 2428 ἄχθω
869 2346 889 2428 η
912 2349 952 2409 Η
955 2349 997 2428 Θ,
1025 2344 1081 2409 καλ
1104 2345 1174 2410 ε’τιε-

107 2467 142 2514 20
162 2456 288 2538 ζεύχθω
312 2454 332 2537 ἡ
357 2459 439 2519 ΒΗ·
468 2454 639 2536 γενήσεται
663 2453 715 2535 δή,
739 2453 783 2527 ώς
807 2452 843 2516 ἐν
865 2461 911 2538 τῳ
936 2450 963 2515 ε’
983 2454 1175 2536 θεωρήματι

160 2561 309 2645 ἐδείχθη,
333 2563 372 2625 τᾶ
398 2565 512 2642 ΑΒΖ,
532 2564 571 2624 Η
574 2564 602 2623 Β
610 2565 636 2623 Ζ
660 2562 806 2643 τρίγωνα
829 2558 940 2642 ὅμοια,
968 2555 1023 2621 καὶ
1048 2563 1117 2622 ίσαι
1141 2559 1178 2622 αί

159 2667 325 2752 ὁμόλογοι,
349 2666 403 2732 καὶ
428 2666 514 2749 ώςὴ
541 2671 605 2730 ΖΑ
628 2667 710 2751 τιρὸς
729 2669 806 2746 ΑΒ,
829 2664 935 2740 οὕτως
957 2663 977 2746 ἡ
999 2668 1073 2728 ΒΗ
1091 2665 1175 2748 πρὸς

159 2778 238 2856 ΗΖ,
261 2773 432 2838 τουτέστιν
456 2774 476 2856 ἡ
497 2776 558 2837 ΓΒ
581 2774 664 2857 πρὸς
682 2775 759 2834 ΗΖ.
796 2772 833 2835 τὸ
853 2772 917 2855 ἄρα
934 2770 999 2834 ὑπὸ
1019 2774 1096 2853 ΑΒ,
1111 2773 1180 2834 ΒΓ

161 2885 235 2942 ίσον
259 2877 327 2942 ἐστὶ
346 2888 391 2964 τῷ
410 2878 475 2942 ὑπὸ
495 2885 527 2941 Α
534 2883 571 2960 Ζ,
587 2881 664 2960 ΖΗ,
688 2875 836 2940 τουτέστι
855 2877 892 2940 τὸ
907 2876 963 2940 θιᾶ
983 2885 1042 2940 τοῦ
1058 2875 1176 2954 ἄξονος

106 2995 140 3044 25
159 2987 324 3068 τρίγωνον
345 2991 418 3048 ίσον
437 2982 505 3048 έστλ
524 2994 569 3070 τῳ
586 2988 694 3047 ΑΗΘ
712 2984 877 3070 τριγώνῳ·
897 2982 976 3066 ὅπερ
991 2981 1174 3047 ἀδύνατον·

160 3103 373 3110 --—--—-—.

232 3165 254 3211 1.
275 3157 318 3228 η’]
337 3175 355 3225 p
375 3160 404 3210 et
422 3175 477 3226 mg.
497 3175 532 3210 m.
553 3174 607 3212 rec.
627 3158 660 3225 V,
681 3174 733 3210 om.
749 3157 806 3225 Vc,
826 3159 855 3210 et
874 3156 913 3210 sic
933 3155 1073 3224 deinceps.
1150 3163 1174 3211 2.

161 3229 203 3300 ἐν]
224 3246 314 3282 om.c.
371 3235 395 3282 6.
414 3228 483 3281 Post
502 3224 535 3282 οὗ
555 3227 706 3298 ἄελβᾶσις
724 3233 829 3282 m.10.
886 3233 927 3282 14.
948 3245 964 3281 σ
983 3229 1060 3299 μείω]
1078 3245 1132 3282 om.
1147 3247 1173 3297 p.

197 3306 238 3354 16.
252 3308 285 3370 τῇ
300 3298 367 3371 ὑπό]
383 3298 490 3368 scripsi,
504 3300 556 3369 τὴν
566 3299 621 3354 ὑπό
635 3318 662 3368 p,
677 3307 727 3353 τοῦ
737 3299 790 3353 Vc.
852 3305 893 3352 17.
909 3248 1009 3372 γωνᾶῳ]
1025 3297 1133 3367 γωνίαν
1147 3319 1173 3368 p.

197 3377 238 3425 19.
261 3372 418 3442 Z]ecorr.
438 3389 464 3439 p.
542 3376 584 3424 20.
605 3372 677 3442 ΒΗ]
697 3373 755 3425 ΗΘ
773 3389 800 3439 p.
883 3376 924 3424 22.
946 3369 1089 3442 ὁμόλογοι]
1110 3370 1176 3439 ὁμό-

160 3444 238 3509 λογοι
256 3440 372 3509 πλευραί
389 3460 416 3510 p.
489 3442 551 3511 AB]
569 3458 644 3510 vop,
664 3457 732 3495 corr.
752 3458 786 3494 ex
804 3445 858 3496 ΑΘ
876 3460 912 3496 m.
934 3448 947 3494 1
967 3442 1000 3496 V.
1075 3440 1176 3512 οὕτως]

161 3527 260 3580 om.p.
301 3514 671 3583 '24.AZ]Zeeorr.p.
748 3513 952 3584 ΖΗ]μ,ΞΝ
968 3513 1021 3567 Vc.
1097 3532 1176 3567 τουτ-

161 3579 229 3651 έστι]
247 3583 329 3636 τοῦτό
349 3582 405 3637 ἐστι
423 3600 445 3638 c.
520 3587 561 3636 25.
581 3583 736 3654 ἀδύνατον]
757 3584 790 3636 ἄ-
809 3599 824 3636 e
843 3600 911 3638 corr.
931 3602 958 3652 p.
