2604 3880
199 218 265 281 240
512 220 599 272 ΠΕΡΙ
616 219 745 272 Κααου
763 221 900 271 ΤοΜΗΣ.

200 363 329 446 διήχθω
353 361 373 445 ἡ
397 362 548 445 NERO,
575 359 630 426 καὶ
654 361 839 446 ἐπεζεύχθω
862 361 881 444 ἡ
906 367 990 427 NA·
1014 363 1034 446 ἡ
1058 363 1122 447 άρα
1147 360 1217 427 ὑπὸ

199 474 228 533 Β
234 474 273 534 Ν
275 472 307 532 Γ
324 472 429 551 γωνία
452 468 540 554 ὀρθή
564 468 666 533 ἐστιν·
691 468 727 533 ἐν
750 469 932 556 ἡμικυκλίῳ
951 469 1024 554 γάρ.
1062 466 1132 533 ἐπεὶ
1150 464 1218 534 οὖν

199 577 236 640 τὸ
265 574 329 640 ἀπὸ
357 584 415 658 τῆς
437 580 503 640 ΑΒ
532 582 606 640 ίσον
629 573 699 640 ἐστὶ
721 587 790 652 τοῖς
813 575 877 640 άπὸ
902 578 978 658 ΒΓ,
1008 579 1086 658 ΓΑ,
1113 577 1151 639 τὸ
1177 573 1219 640 δὲ

201 681 264 747 άπὸ
291 685 360 746 ΒΓ
382 688 456 747 ίσον
478 683 552 768 ζτοϊς
579 681 643 747 ἀπὸ
671 686 754 765 ΒΝ,
786 685 869 766 ΝΓ,
895 683 933 747 τὸ
961 683 1025 766 άρα
1053 681 1116 746 άπὸ
1145 687 1218 746 ΑΒ

166 794 275 854 είσον
299 786 368 853 ἐστὶ
391 801 460 864 τοῖς
482 788 546 854 άπὸ
569 792 652 871 ΒΝ,
676 793 715 853 Ν
717 792 758 872 Γ,
783 792 861 872 ΓΑ,
885 783 932 852 ὧν
955 799 1025 864 τοῖς
1048 787 1111 853 άπὸ
1132 791 1219 872 ΓΝ,

202 899 265 960 ΓΑ
288 897 325 961 τὸ
348 893 412 960 άπὸ
436 900 513 960 ΑΝ
533 901 607 961 ἴσον
630 894 711 959 ἐστί·
737 897 775 960 τὸ
799 897 863 980 άρα
886 893 950 960 άπὸ
973 903 1031 978 τῆς
1053 899 1120 958 ΑΒ
1142 907 1219 972 τοῖς

200 1002 263 1068 άπὸ
293 1006 378 1086 ΒΝ,
405 1007 478 1067 NA
506 1007 580 1067 ἴσον
608 1001 706 1066 ἐστίν.
757 1002 844 1087 ὀρθὴ
873 1003 937 1087 άρα
964 1000 984 1083 ι]
1012 1001 1078 1066 ὑπὸ
1105 1006 1181 1066 ΒΝ
1182 1009 1218 1067 Λ

200 1114 317 1192 γωνία·
368 1107 388 1191 ἡ
416 1113 493 1173 ΑΝ
520 1109 584 1193 άρα
616 1108 702 1186 ὕψος
734 1105 803 1172 ἐστὶ
834 1116 894 1171 τοῦ
922 1108 979 1173 διὰ
1005 1117 1066 1172 τοῦ
1094 1107 1216 1186 ἄξονος

199 1218 380 1301 τριγώνου,
409 1210 449 1279 οὗ
477 1215 573 1298 βάσις
601 1213 691 1279 ε’στὶν
719 1215 739 1298 ἡ
764 1214 869 1288 ΟΒΞ.
915 1212 971 1278 καὶ
994 1212 1063 1279 ἐπεὶ
1086 1216 1123 1279 τὸ
1147 1215 1214 1279 άπὸ

150 1337 182 1384 10
200 1333 259 1405 τῆς
281 1327 326 1387 Μ
349 1328 423 1386 ἴσον
451 1319 519 1386 ἐστὶ
546 1333 616 1397 τοῖς
638 1320 702 1386 άτιδ
725 1325 805 1404 ΛΓ,
835 1324 916 1404 ΓΝ,
944 1323 1012 1385 έστι
1037 1318 1073 1384 δὲ
1096 1319 1152 1385 καὶ
1175 1323 1214 1386 τὸ

200 1428 264 1494 άπὸ
291 1437 349 1512 τῆς
372 1433 448 1493 AN
472 1434 545 1493 ίσον
573 1439 642 1504 τοῖς
665 1427 728 1493 άπὸ
752 1431 826 1512 ΑΓ,
855 1430 935 1511 ΓΝ,
965 1433 1018 1510 ἴση
1043 1429 1107 1513 άρα
1130 1427 1150 1510 ἡ
1175 1432 1217 1492 Μ

200 1543 239 1618 τῇ
259 1538 342 1598 ΑΝ·
363 1534 445 1598 ὥστε
464 1531 519 1598 καὶ
538 1533 826 1620 συναμφότερος]
847 1537 959 1599 ΛΑΝ
972 1532 1214 1621 συναμφοτέρῳ

200 1649 238 1724 τῇ
267 1643 373 1704 ΒΑΓ
400 1645 454 1722 ίση
486 1639 570 1724 ε’στί,
602 1639 657 1704 καὶ
689 1641 726 1705 τὸ
759 1640 824 1704 ὑπὸ
857 1649 915 1723 τῆς
947 1638 1126 1726 διαμέτρου
1158 1639 1215 1704 καὶ

201 1745 455 1832 συναμφοτέρου
483 1756 541 1830 τῆς
564 1751 677 1812 ΛΑΝ
699 1756 744 1834 τῳ
772 1746 837 1811 ὑπὸ
865 1754 923 1830 τῆς
951 1745 1129 1832 διαμέτρου
1157 1745 1214 1811 καὶ

149 1867 181 1914 15
202 1851 457 1940 συναμφοτέρου
480 1862 538 1937 τῆς
556 1857 661 1918 ΒΑΓ
680 1859 753 1918 ίσον
775 1852 873 1917 ἐστίν.
911 1852 994 1917 ἀλλά
1012 1853 1050 1917 τὸ
1068 1850 1129 1936 μὲν
1147 1853 1214 1917 ὑπὸ

202 1968 260 2042 τῆς
282 1958 460 2045 διαμέτρου
483 1958 539 2024 καὶ
563 1958 816 2045 συναμφοτέρου
840 1967 898 2043 τῆς
917 1962 1022 2023 ΒΑΓ
1038 1958 1215 2024 διπλάσιόν

68 2109 71 2114 -
201 2064 269 2129 ἐστι
291 2074 352 2129 τοῦ
375 2069 530 2148 μεγίστου
553 2063 609 2130 καὶ
632 2065 804 2150 ἐλαχίστου
826 2067 1003 2152 τριγώνου,
1031 2060 1078 2131 ὧν
1101 2065 1215 2148 βάσεις

200 2168 260 2254 μὲν
282 2172 320 2235 αί
336 2174 419 2253 ΖΗ,
437 2175 519 2254 ΕΛ,
541 2171 610 2254 ὕψη
634 2168 671 2235 δὲ
695 2174 732 2236 αί
749 2176 928 2256 ΒΛ,ΑΓ,
951 2173 989 2237 τὸ
1014 2168 1051 2236 δέ
1069 2171 1135 2236 ὑπὸ
1156 2180 1215 2254 τῆς

199 2275 376 2364 διαμέτρου
413 2275 469 2342 καὶ
506 2276 760 2363 συναμφοτέρου
798 2288 856 2362 τῆς
894 2283 1005 2344 ΛΑΝ
1037 2278 1216 2343 διτιλάσιόν

148 2400 182 2448 20
203 2385 271 2450 ἐστι
294 2395 362 2450 τῶν
384 2385 568 2473 τριγώνων,
592 2379 639 2450 ὧν
661 2385 774 2468 βάσεις
796 2383 857 2470 μὲν
881 2388 918 2450 αί
941 2389 1021 2470 ΘΚ,
1047 2386 1123 2469 ΟΞ,
1146 2385 1214 2468 ὕψη

200 2489 237 2556 δὲ
264 2495 302 2557 αί
322 2496 405 2576 ΛΑ,
433 2497 517 2558 ΑΝ·
547 2493 588 2557 τὰ
615 2494 679 2578 άρα
702 2496 862 2578 τρίγωνα,
890 2487 938 2557 ὧν
960 2491 1073 2576 βάσεις
1098 2489 1159 2576 μὲν
1180 2494 1218 2556 αί

203 2603 281 2683 ΘΚ,
296 2599 371 2683 ΟΞ,
390 2599 459 2682 ὕψη
479 2595 516 2663 δὲ
536 2601 573 2663 αί
586 2603 668 2682 ΛΑ,
684 2604 768 2682 ΑΝ,
790 2605 845 2664 ίσα
863 2597 933 2663 ἐστὶ
946 2607 992 2686 τῷ
1007 2622 1043 2664 τε
1057 2598 1213 2686 ἐλαχίστῳ
1288 2645 1289 2648 ¹

196 2703 252 2769 καὶ
283 2715 328 2793 τῳ
358 2709 499 2794 μεγίστῳ
532 2716 600 2770 τῶν
632 2706 689 2769 διδ
720 2714 782 2769 τοῦ
816 2704 942 2783 άξονος.
995 2707 1054 2769 καί
1081 2705 1151 2770 ἐστι
1177 2706 1212 2770 τὸ
1286 2757 1288 2796 3

196 2809 300 2876 δοθὲν
330 2813 368 2876 τὸ
401 2810 454 2876 ἐπὶ
485 2821 543 2896 τῆς
577 2815 654 2876 ΘΚ·
687 2811 822 2895 εὕρηται
855 2815 920 2899 άρα
958 2814 1124 2898 τρίγωνον
1158 2813 1211 2876 διά
1286 2803 1288 2832 ⁷

267 3009 290 3057 1.
312 3005 445 3076 ΝΞΒΟ]
465 3005 606 3064 ΜλίΒΟ.9
625 3020 647 3060 c.
733 3010 758 3058 4.
778 3005 847 3075 τοῖς]
866 3011 915 3129 vqs
934 3021 956 3058 e.
1019 3009 1067 3094 '5'
1091 3005 1158 3076 ΓΑ]
1176 3021 1203 3072 ρ,

197 3077 250 3128 ΝΑ
268 3075 321 3128 Vc.
397 3077 469 3147 ΓΝ]
491 3077 552 3129 ΝΓ
567 3094 593 3145 p.
677 3083 700 3129 6.
727 3076 793 3147 ΓΑ]
820 3079 868 3128 ΓΑ
901 3093 949 3130 σον
969 3074 1026 3129 ἐστι
1044 3093 1071 3144 p.
1148 3077 1208 3128 ΑΝ

196 3145 257 3202 ίσον
276 3143 346 3217 ἐστί]
365 3154 414 3215 τῆς
431 3149 493 3199 ΑΝ
507 3165 533 3216 p.
591 3147 657 3272 ΑΒ]
672 3151 722 3200 ΑΒ
741 3144 802 3202 λ’σον
822 3143 878 3200 ἐστί
895 3165 923 3217 p.
997 3152 1021 3201 7.
1042 3145 1104 3200 ίσον
1120 3145 1207 3288 ἐστίν]
1282 3143 1284 3196 λ

196 3234 295 3287 om.p.
362 3217 616 3287 BNA]p,BAN
662 3234 684 3272 ι.
758 3219 998 3290 8.AN]NAp.
1074 3221 1192 3271 ιαλν
1281 3207 1284 3288 5

195 3299 253 3351 τοῖς
270 3293 327 3343 ΛΓ
341 3305 363 3344 υ.
420 3294 461 3341 12.
482 3287 702 3361 συναμφότερος]
722 3286 944 3358 συναμφοτέροις
962 3289 995 3343 V.
1058 3294 1100 3343 14.
1122 3289 1209 3343 ΛΑΝ

196 3392 229 3400 -
250 3366 291 3414 15.
310 3361 370 3432 τῆς]
390 3376 443 3414 om.
463 3376 485 3412 c.
560 3366 601 3414 16.
621 3361 669 3414 καὶ
689 3358 914 3432 συναμφοτέρου]
933 3379 960 3430 p,
980 3377 1033 3414 om.
1054 3359 1109 3414 Vc.
1166 3364 1205 3416 17.

194 3432 341 3502 τριγώνου]
360 3439 415 3485 τῶν
430 3431 572 3500 τριγώνων
591 3449 618 3500 p.
693 3437 733 3487 18.
757 3433 828 3502 ΖΗ]
846 3449 878 3500 p,
900 3435 953 3486 ZE
971 3430 1027 3484 Vv.
1105 3435 1207 3484 ZH-

196 3502 288 3555 20.αί
323 3519 418 3556 ome.
497 3502 1021 3573 18.EA]vp,Eecorr.m.1V.
1097 3504 1208 3573 BA]p‚

201 3575 253 3624 ΨΑ
301 3591 327 3628 v.
400 3579 443 3628 20.
463 3567 513 3644 ὧν]
532 3591 560 3643 p,
580 3590 633 3628 om.
653 3575 686 3629 V.
760 3579 801 3628 24.
820 3571 970 3645 τρίγωνον]
990 3589 1043 3627 om.
1063 3590 1089 3641 p.
