2574 3882
152 153 195 216 28
420 153 508 205 nm
525 153 740 206 Κνιινιεον
758 155 894 206 'mmm

220 296 270 360 ὅτι
302 293 362 379 μὲν
395 297 456 360 οὔκ
484 295 574 361 ἐστιν
601 295 855 383 εὐθύγραμμον,
883 297 995 380 δῆλον.
1044 297 1075 360 εί
1101 297 1172 381 γὰρ

153 403 309 485 δυνατόν,
332 405 414 467 ἐστω
437 402 690 488 εὐθύγραμμον,
712 402 767 468 καὶ
793 405 944 487 εἰλήφθω
967 401 1094 487 πλευραί
1117 425 1173 478 τις

154 508 258 572 αὐτοῦ
280 507 301 590 ἤ
325 511 395 572 ΓΕ.
442 508 510 574 ἐπεὶ
533 504 595 574 οὖν
619 507 671 574 ἐπὶ
689 519 747 594 τῆς
765 509 958 594 ἐπιφανείας
976 517 1035 574 τοῦ
1053 511 1172 573 κυλίνέ

154 617 238 700 δρου
266 613 328 680 δύο
356 628 473 700 σημεῖα
501 621 649 700 είληπται
676 618 716 681 τα
744 620 785 701 Γ,
804 622 836 681 Ε
860 619 904 701 μῆ
930 619 1010 682 ὄντα
1033 613 1086 680 ἐπὶ
1108 624 1172 699 τῆς

119 732 135 781 5
154 723 255 804 αὐτῆς
272 727 417 807 πλευρᾶς
435 732 495 788 τοῦ
513 725 707 809 κυλίνδρου·
736 723 756 806 ἤ
775 725 839 810 γὰρ
858 725 984 810 πλευρὰ
1002 723 1084 787 κατὰ
1103 721 1170 786 δύο

154 840 270 912 σημεῖα
301 829 342 893 οὐ
370 828 479 913 τέμνει
506 831 567 913 τὴν
594 829 751 913 τοιαύτην
777 831 943 917 γραμμῆν·
984 829 1005 912 ἤ
1035 830 1099 914 ίίρα
1124 829 1170 891 τὰ

155 938 196 1019 Γ,
219 941 251 1000 E
271 948 388 1020 σημεῖα
412 935 670 1018 ἐπιζευγνύουσοι
693 937 809 1002 εὐθεῖα
827 935 879 1002 ἐπὶ
897 945 955 1020 τῆς
974 935 1170 1020 ἐπιφανείας

154 1040 222 1108 ἐστὶ
245 1051 306 1108 τοῦ
329 1044 525 1129 κυλίνδρου·
556 1044 635 1130 ὅπερ
654 1042 823 1108 ἀδύνατον
842 1043 986 1128 ἐδείχθη.
1022 1043 1083 1107 οὐκ
1102 1043 1170 1126 ίίρα

154 1149 270 1214 εὐθεῖαί
294 1149 427 1233 ἐστινὴ
452 1153 516 1216 ΓΕ
537 1152 682 1238 γραμμή·
716 1151 752 1215 τὸ
776 1152 840 1236 ἄρα
860 1154 960 1215 ΓΕΔ
979 1158 1085 1234 σχῆμα
1105 1149 1169 1212 οὔκ

101 1265 134 1313 10
154 1255 244 1320 ἐστιν
266 1255 513 1342 εὐθύγραμμον.

221 1359 367 1426 δεικτέον
390 1363 443 1446 δῆ,
467 1363 517 1427 ὅτι
541 1360 620 1427 οὐδὲ
642 1364 771 1440 κύκλος.

222 1465 291 1531 ἐπεὶ
318 1467 381 1552 γὰρ
409 1468 446 1531 τὸ
474 1476 532 1551 τῆς
559 1471 657 1532 ΓΕΔ
680 1479 781 1554 τομῆς
804 1469 960 1534 ἐπίπεδον
982 1478 1027 1556 τῳ
1051 1476 1111 1531 τοῦ
1135 1473 1169 1532 A

154 1574 279 1638 κύκλον
303 1571 445 1662 ἐπιπέδῳ
470 1575 531 1638 ούκ
555 1573 624 1639 ἐστι
642 1576 864 1660 παράλληλον,
888 1574 1109 1659 ἐκβαλλόμενα
1127 1575 1169 1638 τὰ

155 1679 291 1745 ἐπίπεδα
314 1692 405 1764 τεμεῖ
425 1681 559 1764 ἄλληλα.
599 1681 755 1766 τεμνέτω,
778 1681 833 1746 καὶ
857 1685 939 1746 έστω
963 1683 1058 1764 κοινῆ
1082 1681 1166 1764 τομὴ

103 1797 135 1846 15
155 1787 266 1852 αὐτῶν
293 1785 313 1869 ἤ
339 1791 421 1870 ΖΗ,
449 1785 504 1851 καὶ
531 1788 587 1851 διὰ
609 1797 669 1852 τοῦ
692 1795 724 1852 A
747 1788 886 1874 κέντρου
909 1789 1004 1871 ἤχθω
1027 1787 1169 1862 κάθετος

155 1893 208 1960 ἐπὶ
230 1895 292 1978 τῆν
314 1897 386 1958 ΖΗ
400 1893 420 1976 ἡ
442 1897 561 1976 ΘΑΗ,
585 1892 640 1958 καί
664 1896 720 1959 διὰ
738 1883 795 1978 τῆς
816 1900 881 1960 ΘΑ
899 1893 954 1959 καί
972 1902 1032 1959 τοῦ
1050 1892 1169 1972 ἄξονος

156 2001 367 2084 ἐκβεβλήσθω
392 2000 548 2065 ἐπίπεδον
570 2011 690 2065 ποιοῦν
714 2001 750 2066 ἐν
772 1998 833 2086 μὲν
854 2011 900 2088 τῷ
923 2001 1091 2088 κυλίνδρῳ
1114 2025 1167 2065 το-

103 2181 109 2190 ,
156 2110 222 2192 μῆν
245 2109 281 2172 τὸ
308 2110 376 2172 ΘΚ
400 2110 758 2193 παραλληλόγραμμον,
781 2109 817 2173 ἐν
841 2105 877 2172 δέ
900 2118 939 2194 τῇ
964 2112 1063 2172 ΓΕΔ
1085 2115 1168 2193 τομῆ

158 2215 219 2298 τῆν
243 2216 308 2278 ΓΛ
331 2214 478 2296 εὐθεῖαν,
501 2212 556 2278 καὶ
578 2223 636 2298 τῆς
655 2217 720 2278 ΓΔ
739 2217 814 2299 δίχα
832 2219 1013 2299 τμηθείσης
1030 2215 1112 2279 κατὰ
1130 2215 1167 2278 τὸ

105 2331 139 2379 20
158 2325 189 2386 A
202 2321 362 2404 ἤχθωσαν
381 2329 420 2405 τῆ
436 2324 507 2384 ΖΗ
519 2321 723 2405 παράλληλοι
742 2323 798 2385 διὰ
815 2318 876 2405 μὲν
894 2331 953 2386 τοῦ
969 2327 999 2386 Λ
1013 2323 1033 2405 ἤ
1047 2319 1168 2402 EAM,

158 2429 213 2492 διὰ
237 2423 274 2491 δὲ
296 2436 356 2492 τοῦ
379 2433 412 2492 A
434 2425 454 2510 ἤ
477 2426 594 2500 ΝΛΞ·
628 2428 665 2492 αί
686 2429 750 2514 ίίρα
769 2433 855 2511 ΜΕ,
874 2428 944 2502 ΝΞ
963 2429 1171 2514 παράλληλοί

157 2537 242 2600 εἰσιν
270 2534 436 2616 ἀλλῆλαις.
481 2535 576 2619 ἤχθω
604 2538 720 2600 τοίνυν
748 2535 804 2599 διδ
831 2545 888 2618 τῆς
910 2539 989 2599 EM
1012 2534 1169 2599 ἐπίπεδον

156 2642 368 2728 παράλληλον
399 2649 439 2725 τῆ
471 2641 565 2723 βοίσει
598 2649 657 2704 τοῦ
689 2641 871 2726 κυλίνδρου
903 2649 1023 2705 ποιοῦν
1055 2639 1091 2704 ἐν
1122 2650 1168 2728 τῳ

156 2747 324 2833 κυλίνδρῳ
343 2748 448 2830 τομῆν
465 2748 526 2830 την
542 2751 648 2812 ΟΕΠ
649 2753 701 2812 Μ·
720 2748 740 2830 ἤ
759 2751 865 2812 ΟΕΠ
875 2749 939 2834 ἄρα
953 2749 1035 2832 τομῆ
1048 2748 1169 2824 κύκλος

105 2863 138 2911 25
158 2852 258 2934 ἐστίν,
281 2847 322 2915 οὗ
345 2851 520 2937 διοίμετρός
542 2851 633 2916 ἐστιν
656 2852 676 2934 ἤ
699 2858 771 2916 ΟΠ
790 2855 865 2936 δίχα
888 2850 1067 2936 τετμημένη
1086 2854 1169 2918 κατὰ
1272 2909 1273 2912 ,

157 2960 194 3023 τὸ
223 2961 267 3021 Λ·
300 2955 369 3022 ἐπεὶ
395 2958 459 3044 γὰρ
486 2968 554 3023 τῶν
577 2961 690 3042 ΛΟΓ,
715 2963 823 3024 ΛΠΛ
848 2962 1021 3046 τριγώνων
1044 2959 1169 3044 ὁμοίων
1272 3011 1273 3046 .

158 3068 266 3131 ὄντων
295 3069 348 3146 ίση
377 3061 467 3128 ἐστὶν
494 3065 514 3147 ἤ
542 3067 607 3128 ΓΛ
629 3075 668 3150 τῇ
693 3070 774 3149 ΛΑ,
803 3072 857 3149 ίση
885 3069 949 3153 ἄρα
976 3066 1030 3132 καὶ
1058 3067 1078 3150 ἤ
1104 3072 1169 3132 ΟΛ

156 3209 368 3217 —--—-----—-

230 3299 271 3348 14.
296 3291 378 3361 κοινὴ
396 3291 466 3361 τομὴ
486 3293 591 3364 αὐτῶν]
611 3295 703 3348 αὐτῶν
721 3294 804 3363 κοινῆ
822 3294 893 3362 τομή
910 3313 937 3364 p.
1021 3301 1060 3349 18.
1086 3297 1167 3367 τομῇ]

158 3381 210 3419 om.
227 3381 249 3419 ο.
305 3369 347 3418 21.
369 3365 510 3435 ΝΑΞΗ,
531 3365 617 3424 ΝΞΛ
631 3365 684 3423 Vc.
740 3371 782 3419 24.
804 3365 1168 3436 OEHJOEHMHassey

158 3451 222 3488 cum
240 3434 343 3488 Comm.
418 3439 459 3489 26.
480 3432 556 3506 ἐπεί]
578 3432 623 3488 ἐπί
642 3452 663 3489 ο.
728 3435 795 3559 ab&
813 3453 840 3504 p,
860 3435 891 3488 τό
909 3436 962 3491 Vc.
1023 3439 1122 3508 ΛΠΔ]
1140 3455 1166 3507 p,

157 3507 243 3559 ΑΠΔ
260 3504 314 3558 VO.
387 3506 540 3577 τριγώνων]
559 3523 587 3574 p,
606 3508 741 3574 τρίγωνον
791 3521 813 3558 0.
