2574 3882
173 204 215 267 80
442 205 529 255 ΠΕΡΙ
546 204 762 256 mmor
781 203 917 256 ΤοαΗΣ.

240 345 308 412 ἐπεὶ
332 342 394 412 οὖν
412 356 471 411 τοῦ
494 351 567 412 ΘΗ
581 347 925 433 παραλληλογράμμου
940 344 959 428 ή
977 349 1048 409 ΖΗ
1057 347 1189 431 πλευρά

172 465 211 539 τῇ
238 456 304 518 ΘΓ
323 459 376 536 λση
401 453 505 537 ἐστίν,
533 454 553 537 ἡ
577 451 614 518 δὲ
640 456 705 518 ΘΓ
724 463 781 537 τῆς
804 456 872 518 ΒΚ
893 454 954 517 οὔκ
978 451 1067 516 ἐστιν
1092 451 1189 517 ἐλάτ-

173 585 250 643 των,
273 558 370 642 καλή
397 564 468 624 ΖΗ
486 562 551 646 ἀρα
572 570 630 644 τής
652 564 721 624 ΒΚ
741 561 802 624 οὔκ
826 559 916 625 ἐστιν
939 558 1089 624 ἐλάττων.
1126 558 1190 624 έάν
1279 583 1280 588 ’

172 669 236 752 ἀρα
263 676 308 754 τῳ
337 665 400 731 ἀπὸ
428 676 486 750 τής
509 671 585 730 ΚΗ
607 668 801 754 τετραγώνῳ
826 673 900 731 ἴσον
922 664 1190 752 παραβάλλωμεν

138 786 153 833 5
172 775 260 860 παρὰ
283 775 344 857 τήν
366 777 436 838 ΒΚ
454 774 663 859 ὑπερβάλλον
685 775 766 838 εῖδει
788 773 993 859 τετραγώνῳ,
1016 772 1036 855 ἡ
1059 774 1190 857 πλευρὰ

172 889 232 944 τοῦ
254 880 505 966 ὑπερβλήματος
526 884 645 965 μείζων
667 877 728 965 μὲν
751 883 842 945 ἔσται
865 889 922 964 τῆς
941 883 1016 962 ΚΖ,
1041 878 1189 944 ἐλάττων

173 983 210 1051 ἀὲ
236 997 294 1071 της
321 991 397 1051 ΚΗ
420 987 476 1051 διὰ
503 987 539 1051 τὸ
567 985 776 1072 προδειχθέν.
823 989 904 1052 ἔστω
932 990 1048 1051 τοίνυν
1074 987 1093 1070 ή
1118 989 1189 1051 KA

172 1095 297 1180 πλευρά
320 1102 380 1158 τοῦ
403 1093 662 1180 ὑπερβλήματος,
685 1092 741 1158 καὶ
764 1094 820 1158 ὃιά
843 1102 902 1157 τοῦ
922 1097 953 1158 A
975 1092 1189 1178 παράλληλος

172 1202 266 1284 ήχθω
290 1209 329 1284 τῇ
348 1203 421 1265 ΗΓ
439 1201 459 1285 ή
479 1204 568 1283 AM,
591 1199 646 1265 καὶ
667 1200 917 1284 ἐπεζεύχθωσαν
943 1201 980 1264 αἱ
999 1203 1082 1284 ΜΒ,
1098 1203 1188 1284 ΜΚ,

121 1319 154 1366 10
172 1305 228 1371 καλ
255 1308 429 1388 νενοήσθω
457 1319 577 1390 κῶνος,
605 1303 645 1372 οὗ
671 1308 802 1392 κορυῳή
830 1302 891 1390 μὲν
917 1307 954 1371 τὸ
978 1311 1022 1370 Μ
1040 1318 1188 1391 σημεῖον,

173 1411 271 1496 βάσις
294 1409 330 1476 δὲ
354 1412 371 1478 ὁ
391 1419 423 1476 A
446 1415 575 1496 κύκλος,
599 1415 635 1478 τὸ
660 1410 697 1478 δὲ
720 1414 776 1478 διὰ
799 1421 858 1477 τοῦ
882 1410 999 1490 ἀξονος
1021 1417 1189 1499 τρίγωνον

173 1521 329 1601 δηλονότι
352 1520 389 1583 τὸ
413 1522 535 1584 ΒΚΜ.
578 1519 636 1584 ε’ἀν
658 1520 700 1604 δή
723 1521 895 1604 νοήσωμεν
917 1517 1054 1585 καὶτὸν
1076 1531 1189 1586 κῶνον

172 1623 372 1708 τετμημένον
399 1635 444 1713 τῷ
473 1624 632 1713 ἐπιπέδῳ,
658 1624 719 1710 ὑφ’
750 1622 791 1691 οὗ
819 1625 955 1708 γέγονεν
980 1625 1000 1708 ή
1024 1631 1091 1691 ΕΔ
1114 1628 1189 1691 διά-

173 1754 290 1816 μετρος
307 1741 365 1814 της
383 1741 443 1796 τοῦ
461 1733 643 1819 κυλίνδρου
662 1741 773 1816 τομής,
788 1735 879 1798 ἔσται
896 1730 952 1798 καὶ
971 1731 1007 1797 έν
1025 1742 1070 1821 τῷ
1089 1735 1187 1822 κώνῳ

122 1849 154 1897 15
173 1839 265 1922 τομή,
288 1832 328 1920 ής
351 1838 524 1925 διάμετρος
545 1838 566 1922 ή
589 1839 665 1912 ΝΞ.
707 1837 775 1904 ἐπεὶ
799 1834 861 1904 οὖν
883 1849 928 1926 τῳ
953 1838 1015 1904 ἀπὸ
1039 1848 1096 1923 τῆς
1114 1842 1194 1904 ΚΗ

59 2023 61 2030 y
172 1946 366 2033 τετραγώνῳ
400 1951 474 2011 ἴσον
505 1947 594 2032 παρά
626 1947 686 2030 τήν
719 1949 787 2010 ΒΚ
811 1944 1055 2031 παραβέβληται
1086 1946 1188 2032 ὑπερ-

172 2051 296 2134 βάλλον
319 2061 364 2138 τῳ
389 2051 451 2117 ἀπὸ
475 2061 533 2136 τής
555 2056 589 2115 Κ
593 2056 625 2116 A
647 2053 856 2140 τετραγώνῳ,
884 2053 920 2117 τὸ
945 2054 1008 2138 ἀρα
1030 2053 1096 2117 ὑπὸ
1119 2065 1187 2119 τῶν

172 2161 252 2240 ΒΛ,
271 2162 342 2222 AK
361 2167 407 2245 τῳ
431 2158 494 2223 ἀπὸ
513 2168 571 2242 τής
588 2162 665 2222 ΚΗ
678 2160 872 2246 τετραγώνῳ
892 2165 966 2223 ἴσον
986 2158 1084 2224 ἐστίν.
1117 2159 1188 2225 ἐπεὶ

173 2260 235 2329 οὖν
257 2265 295 2328 αλ
314 2269 390 2349 AB,
414 2267 484 2328 ΚΓ
501 2266 704 2349 παράλληλοι
728 2265 884 2348 ἀλλήλαις
906 2268 1001 2349 εἰσίν,
1024 2266 1187 2332 ἀλλὰκαὶ

120 2383 153 2430 20
172 2372 210 2435 αλ
230 2376 263 2435 A
270 2375 311 2456 Z,
330 2375 420 2454 ΜΛ,
440 2374 512 2435 ΓΗ
530 2371 737 2456 παράλληλοί
757 2374 842 2437 εἰσιν
865 2371 1031 2456 ἀλλήλαις,
1055 2373 1099 2450 ὡς
1122 2375 1187 2459 ἀρα

172 2479 192 2563 ή
216 2483 284 2543 AZ
306 2480 389 2564 πρὸς
413 2483 485 2562 ΖΒ,
508 2478 614 2554 οὕτως
636 2477 656 2562 ἡ
682 2482 753 2544 ΓΗ
771 2480 853 2565 πρὸς
876 2481 936 2562 τήν
955 2483 1039 2544 ΗΚ·
1062 2478 1118 2543 καὶ
1142 2481 1187 2557 ὡς

172 2587 236 2671 ἀρα
264 2587 301 2651 τὸ
326 2585 389 2651 ἀπὸ
412 2595 470 2670 τής
493 2591 526 2650 A
533 2590 559 2649 Z
582 2586 665 2670 πρὸς
687 2586 724 2650 τὸ
748 2584 811 2650 ἀπὸ
834 2594 892 2669 τής
916 2589 991 2669 ΖΒ,
1020 2585 1125 2662 οὕτως
1148 2588 1185 2652 τὸ

173 2691 236 2756 ἀπὸ
264 2702 321 2776 τῆς
345 2696 417 2758 ΓΗ
435 2693 518 2777 πρὸς
545 2693 581 2756 τὸ
608 2691 671 2756 ἀπὸ
694 2701 752 2776 τής
775 2695 860 2775 ΚΗ,
888 2693 1037 2756 τουτέστι
1059 2693 1096 2757 τὸ
1121 2691 1185 2758 ἀπὸ

172 2807 229 2881 τῆς
252 2803 327 2862 ΜΛ
350 2800 433 2884 πρὸς
455 2800 492 2863 τὸ
515 2798 580 2862 ὑπὸ
603 2809 671 2863 τῶν
695 2803 770 2882 ΒΛ,
791 2801 866 2863 AK.
904 2796 975 2863 ἀλλ’
1002 2800 1046 2876 ὡς
1068 2797 1130 2883 μὲν
1148 2802 1185 2866 τὸ

119 2917 152 2964 25
172 2904 235 2968 ἀπὸ
259 2913 316 2987 τῆς
334 2909 400 2968 ΔΖ
422 2906 505 2989 πρὸς
527 2905 564 2968 τὸ
589 2903 652 2969 ἀπὸ
675 2914 733 2988 τῆς
757 2909 827 2989 ΖΒ,
851 2905 957 2982 οὕτως
979 2907 1015 2970 τὸ
1039 2905 1103 2971 ἀπὸ
1127 2917 1186 2991 τῆς

245 3067 267 3113 1.
294 3061 366 3131 ΘΗ]
390 3078 422 3129 p,
453 3063 503 3115 ΘΔ
521 3060 574 3114 Vc.
665 3067 689 3114 2.
714 3063 778 3133 τῆς]
797 3081 830 3131 p,
857 3071 890 3134 τῇ
909 3062 972 3117 Vc?
1063 3065 1133 3135 ΒΚ]
1157 3081 1184 3133 p,

174 3135 232 3187 ΘΚ
248 3131 300 3185 Vc.
361 3135 398 3198 ,3.
418 3131 467 3186 καλ
485 3131 502 3200 ἡ
522 3162 556 3172 -
576 3130 706 3204 ἐλάττων]
731 3150 784 3187 om.
805 3151 827 3188 ο,
904 3141 929 3188 4.
949 3131 1184 3207 παραβάλλωμεν]

171 3200 377 3294 παραβάλωμεν
395 3220 421 3271 p.
486 3207 510 3256 8.
530 3201 704 3294 παράλληλος
723 3237 756 3244 -
776 3210 800 3258 9.
820 3206 894 3276 ΗΓ]
913 3213 947 3328 τη
966 3209 1028 3258 ΗΓ
1041 3204 1184 3286 παράλλη-

171 3279 218 3338 λος
236 3277 316 3346 ηχθω
335 3292 361 3343 p.
436 3279 476 3328 10.
497 3276 656 3346 νενοησθω]
676 3273 830 3331 νενοελτθω
848 3295 875 3345 p,
896 3292 925 3329 se
964 3293 1032 3330 corr.
1052 3295 1082 3329 m
1102 3277 1183 3330 senb.

208 3353 248 3400 11.
268 3347 302 3416 A]
321 3354 429 3414 πρῶτος
448 3362 470 3399 ο.
545 3351 585 3399 17.
605 3349 665 3417 τῆς]
685 3364 700 3400 e
719 3364 787 3401 corr.
806 3365 833 3416 p.
876 3349 957 3419 KA]
977 3352 1033 3401 ΒΚ
1048 3366 1075 3416 p.
1143 3354 1183 3402 19.

171 3417 302 3484 ἀλλήλαις
321 3413 401 3487 εἰσίν]
422 3415 491 3470 εἰσιν
510 3416 641 3483 ἀλλήλαις
658 3436 685 3486 p.
747 3424 789 3472 21.
807 3418 871 3488 τήν]
891 3436 944 3472 om.
959 3436 986 3486 p.
1046 3425 1089 3473 23.
1109 3421 1183 3490 KH]
1236 3431 1239 3436 '

172 3491 235 3610 KK)
248 3505 279 3555 p,
304 3487 383 3540 bene.
474 3491 516 3540 24.
541 3489 617 3558 MA]
641 3506 673 3556 p,
703 3505 771 3542 corr.
791 3504 825 3540 ex
844 3493 902 3542 MA
925 3507 961 3542 m.
983 3495 997 3542 1
1018 3489 1051 3559 V,
1081 3495 1139 3544 MA
1158 3509 1184 3559 ν,

255 3573 278 3610 c.
