2594 3878
462 221 512 270 na
531 219 708 271 sacriora
728 219 822 271 cour.
1081 215 1144 279 185

134 368 245 428 autem
268 363 407 428 eireulus
426 363 547 428 eireum
566 367 594 426 B
613 366 760 426 centrum
779 361 970 446 descriptus,
992 361 1144 426 minimus

133 474 244 534 autem
267 470 505 555 triangulorum
527 491 585 554 per
608 491 701 533 axem
724 468 894 532 ductorum
915 467 958 532 sit
977 470 1090 550 ΑΓΛ,
1113 473 1146 532 et

133 581 286 661 oporteat
316 599 374 661 per
406 599 498 641 axem
530 581 596 641 AB
633 576 766 660 planum
798 575 912 638 ducere
945 574 1146 660 triangulum

711 681 872 764 efficiens,
916 681 972 764 qui
1012 682 1052 745 ad
1090 681 1146 745 tri-

622 808 645 855 4
711 787 867 873 angulum
904 789 1009 851 ΑΓΔ
1049 788 1146 852 ratio-

568 907 580 945 ἲ
709 916 785 959 nem
793 895 923 978 habeat,
937 916 1033 978 quam
1042 895 1146 958 maior

585 1046 588 1063 2
710 1007 799 1066 reeta
822 1007 873 1066 E:
890 1005 930 1084 Z,
956 1022 1037 1083 quae
1060 1001 1144 1064 ratio

572 1144 578 1194 ‚²
710 1108 814 1172 maior
832 1129 898 1172 non
917 1107 961 1172 sit
979 1129 1024 1188 ea,
1048 1129 1146 1190 quam

711 1214 810 1279 habet
829 1215 988 1278 maximus
1002 1212 1146 1298 triangu-

711 1320 817 1384 lomm
841 1342 898 1404 per
922 1342 1014 1385 axem
1037 1321 1148 1386 dueto-

712 1448 785 1490 rum
799 1427 838 1490 ari
852 1426 1023 1490 minimum
1037 1429 1146 1491 ΑΓΔ.

759 1533 826 1597 iam
841 1533 869 1597 si
888 1537 934 1597 E:
946 1538 973 1597 Z
987 1533 1147 1598 rationem

712 1640 829 1724 habet,¹
859 1661 956 1723 quam
988 1641 1147 1704 maximus

713 1745 952 1830 triangulorum
974 1769 1032 1831 per
1055 1769 1147 1811 axem

714 1853 886 1924 ductorum
909 1852 950 1916 ad
968 1852 1148 1937 minimum,

714 1963 803 2025 reeta
828 1959 865 2024 in
887 1959 1006 2024 eireulo
1034 1982 1092 2044 per
1119 1964 1148 2024 Β

715 2067 756 2130 ad
791 2069 856 2130 ΓΔ
891 2066 1148 2151 perpendiculari

138 2171 236 2236 dueta
260 2175 292 2234 et
315 2171 412 2257 plano
435 2177 636 2255 perrectum
660 2174 789 2238 ductam
813 2195 967 2259 axemque
990 2174 1149 2257 producto

137 2278 338 2363 triangulum
361 2278 599 2362 aequicrurium
618 2279 820 2365 habebimus,
844 2281 899 2366 qui
922 2280 1081 2345 maximus
1105 2281 1149 2344 sit

137 2384 376 2470 triangulorum
399 2407 457 2469 per
480 2408 571 2451 axem
595 2387 779 2471 ductorum3
806 2387 885 2452 haee
910 2387 995 2452 enim
1019 2387 1150 2450 demon-

139 2495 243 2555 strata
257 2495 333 2555 sunt
348 2490 451 2575 [prop.
462 2490 600 2577 XXIV]3
620 2497 653 2556 et
667 2494 707 2556 ad
717 2495 820 2556 ΑΓΛ
834 2492 994 2556 rationem
1007 2491 1150 2574 habebit,

139 2620 237 2683 quarn
259 2602 311 2662 E:
327 2602 368 2681 Z,
390 2599 452 2663 hoo
476 2603 526 2662 est
548 2598 758 2682 propositam.

203 2704 271 2785 iam
298 2726 376 2768 uero
408 2708 500 2767 EzZ
527 2703 685 2768 minorem
711 2704 872 2768 rationem
894 2704 1025 2787 habeat,
1055 2726 1151 2787 quam

139 2811 300 2876 maximus
329 2810 568 2896 triangulorum
595 2833 652 2894 per
680 2832 771 2874 axem
800 2810 971 2875 ductorum
996 2811 1036 2874 ad
1059 2810 1152 2874 mini-

139 2940 241 3002 mum,
268 2923 472 3002 ponaturque
505 2918 703 2982 extrinsecus
737 2921 826 2983 recta
853 2921 924 2982 ΗΘ
950 2922 1057 2982 reetee
1086 2921 1151 2982 ΓΔ

139 3024 300 3109 aequalia,
327 3029 360 3089 et
388 3025 424 3088 in
451 3048 489 3089 ea
515 3024 698 3109 triangulus
722 3027 830 3088 ΚΗΘ
856 3023 1021 3110 triangulo
1049 3027 1152 3088 ΑΓΛ

140 3131 270 3217 similis,
301 3131 348 3195 ita
378 3136 415 3195 ut
443 3131 541 3195 etiam
568 3134 644 3195 KH
655 3163 695 3183 =
711 3134 782 3196 ΑΓ
804 3136 837 3196 et
865 3131 973 3195 omnia
1002 3129 1151 3194 omnibus

140 3238 246 3322 [Euel.
261 3237 317 3321 VI,
332 3237 377 3322 4]‚
400 3243 433 3302 et
455 3239 490 3302 in
508 3241 579 3302 ΗΘ
597 3237 780 3324 triangulus
805 3241 1012 3302 construatur
1029 3240 1152 3299 rectam

140 3368 159 3408 a
187 3345 309 3410 uertice
337 3346 376 3408 ad
404 3349 561 3429 punctum
589 3345 730 3410 medium
757 3345 845 3409 basis
873 3349 980 3408 reetae
1009 3345 1044 3406 K
1047 3345 1078 3406 A
1104 3364 1152 3406 ae-

141 3453 270 3536 qualem
297 3451 421 3516 habens
449 3456 482 3516 et
511 3452 551 3516 ad
575 3455 682 3516 ΚΗΘ
704 3452 863 3516 rationem
890 3451 1027 3533 habens,
1056 3471 1152 3533 quam

140 3565 235 3624 E:Z
264 3559 370 3644 [prop.
400 3557 532 3644 XXVI}
587 3559 770 3645 triangulus
807 3558 910 3644 igitur
946 3561 1151 3622 constructus
