2604 3880
136 219 201 283 300
450 221 538 272 ΠΕΡΙ
555 219 684 272 ΚΩΝΟΤ
702 221 837 272 ΤΟΜΗΣ.

609 448 676 528 ξδ’.

202 592 277 658 Κδν
299 593 337 658 τὸ
361 593 417 657 διδι
440 601 499 656 τοῦ
522 590 639 670 ίίξονος
661 594 826 677 τρίγωνον
848 592 931 676 πρὸς
954 593 991 657 τὸ
1011 592 1066 656 διδ
1085 602 1147 656 τοῦ

136 699 254 778 ἄξονος
281 703 445 786 τρίγωνον
473 702 690 785 τριπλασίονα
717 701 818 780 λόγον
846 699 902 782 ε”χῆ
930 699 1012 783 ῆπερ
1042 698 1062 781 ῆ
1085 708 1146 764 τοῦ

135 808 301 892 τριγώνου
333 805 429 889 βάσις
454 807 537 890 πρὸς
563 806 625 888 τῆν
652 804 766 888 βάσιν,
799 803 816 868 ὁ
844 814 951 880 κῶνος
977 806 1061 890 πρὸς
1087 806 1149 870 τὸν

101 930 116 978 5
135 924 245 978 κῶνον
268 914 466 978 διπλασίονα
490 913 591 994 λόγον
614 913 679 994 ἔχει
701 911 784 996 ῆπερ
803 910 823 994 ῆ
841 909 938 993 βάσις
956 919 1016 974 τοῦ
1035 912 1148 976 κώνου

135 1021 218 1106 πρὸς
240 1021 301 1103 τῆν
323 1019 431 1103 βάσιν.

204 1133 258 1200 ἐπὶ
281 1135 344 1218 γὰρ
368 1143 426 1218 τῆς
449 1134 551 1217 αὐτῆς
573 1141 786 1218 καταγραφῆς
808 1133 846 1197 τὸ
865 1138 897 1196 A
904 1136 964 1197 ΓΛ
982 1135 1149 1218 τρίγωνον

134 1243 218 1327 πρὸς
244 1243 281 1306 τὸ
306 1245 405 1305 ΒΕΖ
433 1243 650 1324 τριπλασίονα
677 1243 778 1322 λόγον
806 1237 902 1323 ἐχέτω
930 1240 1012 1324 ῆπερ
1041 1237 1061 1321 ῆ
1087 1243 1148 1304 ΓΛ

135 1349 218 1432 πρὸς
245 1349 306 1430 τῆν
328 1352 407 1429 ΕΖ,
435 1345 490 1411 καλ
517 1351 641 1412 κείσθω
667 1347 769 1411 πάλιν
791 1355 830 1431 τῆ
854 1349 930 1410 ΑΗ
949 1351 1003 1428 ἴση
1027 1345 1047 1428 ῆ
1074 1349 1149 1410 ΘΚ.

83 1480 116 1528 10
202 1460 271 1527 ἐπεὶ
308 1458 370 1528 οὖν
407 1464 444 1527 τὸ
477 1467 509 1526 Α
516 1466 576 1527 ΓΛ
611 1463 694 1548 πρὸς
730 1463 767 1526 τὸ
800 1466 897 1526 ΒΕΖ
930 1464 1147 1546 τριπλασίονα

135 1572 235 1650 λόγον
254 1571 319 1651 ἔχει
337 1569 419 1654 ῆπερ
439 1570 535 1653 ῆΓΔ
553 1571 636 1655 πρὸς
654 1573 733 1651 ΕΖ,
752 1568 797 1645 ὡς
811 1565 846 1633 δὲ
861 1566 881 1650 ῆ
898 1571 958 1632 ΓΛ
971 1569 1055 1652 πρὸς
1067 1572 1144 1650 ΕΖ,

135 1675 241 1751 οὕτως
258 1676 295 1739 τὸ
315 1678 414 1740 ΑΓΔ
432 1679 597 1761 τρίγωνον
615 1677 698 1762 πρὸς
716 1675 753 1740 τὸ
773 1679 888 1757 ΚΕΖ,
909 1675 946 1739 τὸ
965 1675 1029 1758 ἄρα
1048 1677 1148 1738 ΑΓΛ

136 1784 302 1867 τρίγωνον
327 1783 409 1867 πρὸς
432 1783 469 1846 τὸ
493 1787 591 1846 ΒΕΖ
614 1785 831 1866 τριπλασίονα
854 1780 955 1864 λόγον
978 1784 1042 1865 ἔχει
1065 1782 1150 1865 ῆπερ

134 1889 171 1953 τὸ
195 1892 295 1953 ΑΓΔ
318 1890 400 1974 πρὸς
423 1890 460 1953 τὸ
480 1893 592 1953 ΚΕΖ·
616 1891 654 1954 τὸ
678 1891 742 1974 ἄρα
761 1892 861 1953 ΚΕΖ
884 1889 968 1973 πρὸς
990 1889 1027 1952 τὸ
1047 1892 1146 1952 ΒΕΖ

81 2013 114 2062 15
134 1994 332 2059 διπλασίονα
360 1999 461 2077 λόγον
488 1999 553 2079 ἔχει
579 1996 662 2080 ῆπερ
686 1997 723 2060 τὸ
746 2001 778 2059 Α
785 1997 845 2060 ΓΔ
868 1994 951 2079 πρὸς
973 1994 1010 2059 τδ
1035 1998 1146 2059 ΚΕΖ.

46 2112 48 2115 ’
134 2098 206 2165 ἀλλ’
233 2100 277 2176 ώς
305 2100 342 2164 τδ
367 2105 467 2164 ΚΕΖ
495 2106 659 2186 τρίγωνον
686 2101 769 2187 πρὸς
791 2101 829 2165 τδ
855 2105 967 2183 ΒΕΖ,
1000 2100 1105 2176 οὕτως
1128 2099 1149 2164 δ

133 2211 269 2271 ΚΘΕΖ
293 2218 399 2283 κῶνος
422 2206 505 2291 πρὸς
527 2207 586 2272 τὸν
606 2212 752 2272 ΒΕΕΖ
775 2206 831 2272 καὶ
849 2207 867 2272 ὁ
886 2211 1022 2272 ΚΘΕΖ
1041 2218 1150 2282 κῶνος

134 2315 200 2398 ἄρα
225 2313 308 2400 πρὸς
330 2312 390 2378 τδν
414 2317 548 2378 ΒΘΕΖ
572 2314 768 2378 διπλασίονα
792 2317 893 2396 λόγον
916 2317 981 2397 ἔχει
1004 2314 1085 2398 ῆπερ
1109 2314 1147 2377 τὸ

134 2423 233 2484 ΑΓΛ
255 2424 420 2505 τρίγωνον
442 2421 526 2507 πρὸς
548 2421 585 2484 τὸ
604 2403 713 2484 ΚΕΖ.
751 2423 815 2504 ἔχει
839 2417 876 2484 δὲ
894 2419 949 2484 καλ
968 2419 985 2484 ὁ
1004 2422 1147 2484 ΑΗΓΔ

80 2545 115 2594 20
133 2537 239 2603 κῶνος
274 2528 356 2612 πρὸς
390 2528 449 2592 τὸν
481 2531 616 2591 ΚΘΕΖ
648 2538 758 2592 κῶνον
791 2529 913 2611 ἰσοϋψῆ
947 2528 1145 2592 διπλασίονα

133 2636 235 2716 λόγον
258 2634 339 2718 ῆπερ
363 2636 400 2698 τὸ
419 2637 519 2697 ΑΓΛ
542 2638 706 2717 τρίγωνον
724 2635 807 2720 πρὸς
825 2635 861 2699 τὸ
881 2637 994 2698 ΚΕΖ·
1019 2633 1064 2709 ώς
1082 2634 1149 2717 ἄρα

133 2739 151 2803 ὁ
180 2743 319 2804 ΑΗΓΔ
346 2751 452 2816 κῶνος
478 2741 561 2825 πρὸς
588 2742 647 2806 τὸν
674 2744 810 2805 ΚΘΕΖ
838 2751 962 2822 κῶνον,
993 2739 1099 2816 οὕτως
1128 2739 1150 2804 δ

164 3001 166 3006 ’
206 3007 229 3057 1.
250 3003 314 3074 ξδ’]
333 3019 386 3057 om.
406 3003 467 3072 Vv,
496 3003 571 3073 §t'p
595 3005 624 3057 et
642 3021 678 3058 m.
697 3019 751 3058 rec.
771 3003 804 3072 V,
832 3004 928 3068 ξςίιι.
948 3019 1001 3058 rec.
1021 3022 1047 3058 v.
1121 3008 1147 3057 2.

135 3072 202 3144 κᾶν]
221 3092 247 3142 v,
267 3075 315 3128 καλ
334 3072 385 3129 ἐών
403 3074 460 3144 Vp.
534 3080 559 3128 3.
580 3073 639 3147 ἔχῃ]
658 3074 715 3143 Vp,
737 3073 791 3145 ἔχει
809 3094 835 3130 v.
899 3081 923 3129 4.
943 3075 1007 3146 τῆν]
1025 3074 1078 3144 τῆν
1095 3082 1145 3128 τοῦ

133 3145 270 3214 τριγώνου
289 3163 316 3214 p.
389 3152 414 3200 ὃ.
435 3145 503 3217 ἔχει]
524 3143 579 3210 ἕξει
596 3165 622 3215 p.
702 3151 725 3200 7.
744 3147 944 3218 καταγραφῆς]
963 3152 1150 3216 καταγραφῆς

132 3216 182 3270 καλ
206 3224 379 3286 κατασκευῆς
406 3235 433 3286 p.
528 3223 552 3272 8.
576 3216 646 3285 πρός
666 3247 700 3257 -
724 3214 823 3288 ἐχέτω]
850 3219 1032 3285 τριπλασίονα
1064 3216 1148 3286 λόγον

133 3284 215 3356 ἐχέτω
239 3288 309 3356 πρὸς
330 3287 362 3342 τὸ
382 3291 463 3342 ΒΕΖ
487 3305 513 3356 p.
608 3289 678 3356 πρὸς
695 3288 726 3342 τὸ
747 3290 844 3360 ΒΕΖ]
868 3305 952 3358 supra
976 3306 1027 3344 scr.
1047 3288 1147 3342 eadem

131 3375 218 3412 manu
236 3359 269 3414 V.
361 3364 403 3414 10.
428 3360 517 3430 ΑΓΔ]
536 3378 567 3428 v,
595 3364 673 3414 ΑΓΔ
691 3357 826 3429 τρίγωνον
846 3360 902 3428 Vp.
994 3367 1035 3414 11.
1058 3357 1076 3428 ῆ
1097 3362 1146 3412 ΓΔ

132 3460 165 3468 -
186 3435 227 3484 14.
247 3431 340 3501 ΑΓΔ]
364 3448 418 3500 mg.
438 3449 457 3500 p
477 3432 640 3501 (κείμενον),
668 3429 698 3484 in
721 3433 800 3485 textu
821 3448 875 3486 ras.
895 3436 964 3484 6-7
984 3431 1039 3486 litt.
1103 3435 1145 3483 11.

132 3503 186 3553 ΕΖ
204 3502 391 3572 (utrumque)]
421 3505 473 3555 ΖΕ
500 3520 527 3570 p.
619 3508 660 3558 14.
689 3503 720 3557 τὸ
749 3504 849 3573 ΚΕΖ]
878 3502 938 3571 Vp,
971 3501 1002 3555 in
1028 3499 1146 3555 resarci-

131 3570 247 3625 natione
271 3590 307 3626 m.
326 3589 381 3627 rec.
400 3591 430 3643 v,
455 3574 486 3627 ut
509 3573 540 3627 τὸ
560 3577 645 3628 ΚΕΖ
663 3594 691 3627 τ-
712 3573 759 3629 lin.
781 3580 826 3644 16,
851 3577 964 3630 ΒΘΕΖ
984 3576 1013 3626 δ·
1032 3571 1082 3628 lin.
1103 3576 1145 3643 18,
