2604 3880
132 193 198 257 296
443 197 531 246 ΠΕΡΙ
548 195 677 248 ΚΩΝΟΤ
694 197 831 248 ΤΟΜΗΣ.

132 341 392 424 τετραπλασίονα
429 341 530 422 λόγον
566 342 632 423 ἔχει
663 339 745 423 ἥπερ
778 339 815 404 τὸ
847 343 945 404 ΒΕΖ
977 341 1144 424 τρίγωνον

131 447 215 530 πρὸς
246 446 282 509 τὸ
311 448 418 509 ΚΓΛ.
468 448 533 529 ἔχει
566 442 603 510 δὲ
635 444 653 510 6
681 449 815 509 ΒΘΕΖ
842 456 948 520 κῶνος
973 445 1057 530 πρὸς
1083 445 1146 510 τὸν

133 555 209 616 KH
213 555 273 616 ΓΔ
311 562 420 616 κῶνον
458 554 580 636 ἰσοϋψῆ
617 553 815 616 διπλασίονα
851 554 951 634 λόγον
987 553 1068 636 ἤπερ
1105 552 1144 616 τὸ

132 663 231 722 ΒΕΖ
258 661 424 744 τρίγωνον
450 660 533 744 πρὸς
559 659 597 723 τὸ
621 661 732 722 ΚΓΔ·
760 658 778 723 6
806 659 871 742 ἄρα
893 661 1033 722 ΑΗΓΔ
1059 659 1144 744 πρὸς

96 764 193 829 στὸν
220 767 355 829 ΚΗΓΛ
386 765 584 830 διπλασίονα
616 767 717 846 λόγον
749 767 814 848 ἔχει
846 764 928 849 ἤπερ
961 763 978 829 6
1007 769 1143 830 ΒΘΕΖ

131 879 238 947 κῶνος
265 873 347 958 πρὸς
374 873 433 937 τὸν
461 875 600 936 ΚΗΓΔ
626 881 745 936 κῶνον.
791 871 836 948 ὡς
863 871 929 956 ἄρα
957 871 975 935 6
1002 875 1144 936 AHFA

131 988 238 1054 κῶνος
265 980 348 1064 πρὸς
375 980 434 1043 τὸν
457 982 607 1061 ΒΘΕΖ,
639 977 744 1054 οὕτως
771 975 788 1041 6
812 981 841 1042 Β
850 981 948 1042 ΘΕΖ
974 979 1057 1063 πρὸς
1084 979 1147 1043 τὸν

131 1087 277 1149 ΚΗΓΛ.
324 1084 369 1161 ὡς
396 1080 433 1148 δὲ
456 1084 474 1150 6
498 1088 631 1148 ΒΘΕΖ
661 1085 744 1170 πρὸς
771 1084 830 1148 τὸν
853 1086 1006 1167 ΚΗΓΛ,
1037 1083 1147 1161 οὕτως

131 1191 151 1274 6
182 1195 211 1255 Θ
242 1191 338 1275 βάσις
370 1192 453 1276 πρὸς
480 1192 541 1274 τὴν
567 1190 615 1254 Η·
654 1191 698 1267 ὡς
730 1192 795 1276 ίίρα
822 1189 840 1255 6
868 1193 1007 1255 ΑΗΓΛ
1038 1201 1147 1268 κῶνος

78 1311 113 1360 10
131 1298 214 1382 πρὸς
245 1299 304 1362 τὸν
337 1301 484 1380 ΒΘΕΖ,
518 1296 623 1373 οὕτως
655 1296 675 1379 6
707 1301 736 1360 Θ
762 1296 859 1380 βάσις
888 1298 971 1382 πρὸς
1002 1298 1063 1380 τὴν
1096 1301 1145 1362 Η·

131 1403 210 1489 ὅπερ
233 1404 300 1468 ἔδει
324 1402 434 1482 δεῖξαι.

606 1562 666 1646 ἕν’·

196 1686 272 1753 Ἐὰν
298 1699 405 1764 κῶνος
432 1687 536 1774 ὀρθὸς
563 1689 646 1774 πρὸς
672 1698 781 1753 κῶνον
809 1687 917 1773 ὀρθὸν
944 1689 1146 1752 διπλασίονα

131 1798 232 1878 λόγον
259 1797 315 1880 ἔχῃ
345 1795 426 1880 ἤπερ
450 1793 470 1876 6
493 1793 589 1877 βάσις
611 1794 694 1879 πρὸς
716 1796 778 1878 τὴν
800 1794 914 1878 βάσιν,
942 1795 979 1859 τὸ
1003 1795 1059 1858 διὰ
1082 1803 1145 1858 τοῦ

80 1915 112 1964 15
132 1900 248 1979 ἄξονος
276 1904 440 1988 τρίγωνον
467 1902 550 1987 πρὸς
581 1899 619 1964 τὸ
652 1901 707 1964 διδι
739 1909 799 1965 τοῦ
833 1899 949 1978 ἄξονος
979 1905 1147 1986 τρίγωνον

131 2011 348 2093 τριπλασίονα
376 2010 476 2090 λόγον
506 2005 568 2084 ἕξει
596 2009 677 2092 ἥπερ
705 2007 726 2090 6
758 2015 818 2072 τοῦ
850 2009 1016 2093 τριγώνου
1047 2008 1147 2092 βάσις

131 2114 214 2198 πρὸς
236 2115 297 2196 τὴν
320 2114 428 2197 βάσιν.

200 2219 531 2306 καταγεγρᾶφδωσαν
572 2219 607 2283 oc
644 2230 761 2302 κῶνοι,
802 2217 857 2284 καί
898 2221 1088 2285 ὑποκείσθω
1125 2220 1147 2286 6

131 2331 271 2393 ΑΗΓΛ
302 2337 408 2403 κῶνος
439 2327 522 2412 πρὸς
553 2326 612 2390 τὸν
640 2329 773 2390 ΒΘΕΖ
803 2337 913 2392 κῶνον
945 2328 1146 2392 διπλασίονα

77 2446 112 2495 20
131 2437 232 2517 λόγον
259 2436 345 2518 ἔχειν
372 2434 454 2519 ἤπερ
482 2433 502 2517 6
527 2437 565 2496 Η
588 2432 685 2516 βάσις
707 2441 767 2496 ποῦ
790 2434 901 2498 κώνου
923 2435 1006 2520 πρὸς
1028 2435 1089 2517 τὴν
1114 2438 1145 2498 Θ

130 2542 238 2625 βάσιν.
284 2540 383 2624 λέγω,
411 2541 462 2606 ὅτι
489 2541 526 2606 τὸ
555 2543 653 2604 ΑΓΔ
681 2542 846 2626 τρίγωνον
872 2541 955 2626 πρὸς
982 2541 1019 2606 τὸ
1043 2545 1144 2604 ΒΕΖ

130 2651 348 2734 τριπλασίονα
367 2651 467 2730 λόγον
486 2650 551 2731 ἔχει
570 2648 651 2732 ἥπερ
670 2646 690 2730 6
706 2650 779 2711 ΛΓ
791 2645 888 2730 βάσις
903 2655 963 2712 τοῦ
977 2647 1147 2732 τριγώνου

130 2757 213 2841 πρὸς
235 2757 296 2839 τὴν
319 2759 391 2818 ΕΖ.

197 2864 279 2926 ἔσται
304 2872 342 2948 τῇ
365 2860 480 2944 AH6
506 2864 575 2925 ΘΚ
596 2867 662 2943 ἰση·
691 2861 726 2924 οἰ
746 2861 810 2946 ἄρα
834 2863 986 2942 ΑΗΓΛ,
1006 2863 1146 2924 ΚΘΕΖ

202 3061 225 3112 3.
246 3065 338 3111 κῶνον
354 3055 470 3126 ἰσοϋψῆ]
484 3072 511 3122 v,
531 3053 634 3123 ἰσοϋψῆ
650 3062 741 3108 κῶνον
756 3052 812 3122 Vp.
873 3059 897 3106 4.
918 3052 977 3106 6-
987 3058 1011 3107 6,
1027 3056 1055 3105 K
1060 3055 1090 3105 H
1093 3054 1146 3105 ΓΔ

130 3128 242 3252 ιιῶνονέ1
256 3144 308 3182 om.
328 3146 354 3197 p.
446 3133 470 3180 4.
492 3126 523 3196 6]
542 3143 573 3194 v,
600 3127 669 3178 mut.
689 3123 719 3176 in
738 3124 775 3185 ὡς
794 3123 893 3177 eadem
910 3140 996 3176 manu
1014 3123 1047 3192 V,
1076 3125 1143 3192 post

130 3198 480 3268 ἄρααδ.ὁοοδ.ωαιι.
561 3194 1143 3266 AHPA]Hinras.m.1v‚AHFA

129 3280 219 3334 κῶνος
236 3269 269 3325 V.
324 3268 405 3340 πρός]
420 3268 453 3338 V,
473 3289 501 3330 -ς
519 3284 599 3322 οιιαο,
614 3285 640 3321 V.
696 3271 719 3321 ὅ.
740 3270 802 3319 ΚΗ
807 3269 856 3319 ΓΛ
870 3297 905 3305 -
921 3271 943 3320 7.
958 3265 1007 3320 τόν
1019 3267 1093 3390 (pr.)3]
1112 3283 1140 3334 v,

130 3358 182 3396 om.
203 3341 236 3395 V.
318 3347 342 3397 9.
364 3341 400 3411 Θ]
419 3340 480 3410 Vp,
509 3355 589 3393 οσον.
609 3357 635 3392 v.
718 3339 882 3408 H]eeorr.
901 3355 928 3405 p.
1011 3343 1051 3391 11.
1090 3355 1141 3404 περ

131 3412 188 3467 ἔδει
207 3413 308 3484 δεῖξαι]
327 3431 353 3482 v,
373 3429 426 3466 om.
436 3412 493 3480 Vp.
567 3415 608 3465 12.
628 3409 687 3481 ξη’]
707 3426 759 3463 om.
771 3408 827 3480 Vv,
847 3407 925 3478 Es'p
944 3410 973 3462 et
991 3426 1026 3462 m.
1041 3408 1140 3476 rec.V‚

129 3484 170 3547 ξε’
186 3502 222 3540 m.
242 3501 295 3539 rec.
315 3503 340 3538 v.
415 3489 456 3537 14.
477 3481 537 3553 ἔχη]
556 3481 613 3550 Vp,
635 3481 690 3552 ἔχει
708 3499 733 3535 v.
802 3485 843 3534 15.
863 3479 933 3547 πρός
953 3511 983 3518 -
1004 3481 1143 3547 τρίγωνον

129 3554 214 3626 (alt.)]
234 3572 286 3609 om.
303 3555 389 3624 va,
413 3571 481 3609 corr.
502 3537 605 3608 Comm.
680 3558 721 3606 16.
741 3551 935 3623 τριπλασίονα]
954 3550 1015 3619 Vp,
1039 3570 1093 3618 -ρι-
1111 3549 1143 3603 in

1285 1929 1301 1968 ί
