2574 3882
159 220 202 286 56
428 223 516 274 ΠΕΡΙ
533 223 748 276 ΚτοιαΔΡοω
765 225 902 278 pom.

160 365 178 429 δ
206 363 449 450 παραβέβληται
476 366 565 452 παρὰ
593 368 654 450 τὴν
681 370 795 453 τρίτνγν
824 367 988 450 ἀνοίλογον
1015 369 1076 450 τὴν
1107 371 1177 432 ΓΗ

159 471 282 547 πλάτος
313 474 388 555 έχον
420 472 481 555 τὴν
515 475 580 537 ΖΓ
608 473 758 538 ἐλλεῖπον
790 475 870 539 είδει
900 483 945 561 τῷ
972 475 1037 538 ὑπὸ
1067 478 1179 538 &KH

161 578 264 666 δμοίμ
287 587 332 666 τῷ
356 578 421 643 ὑπὸ
444 583 477 642 Δ
484 582 563 643 ΓΗ·
588 581 669 665 ἅπερ
694 581 760 645 ἔδει
784 578 895 658 δεῖξαι.

232 687 340 750 Ταῦτα
364 683 550 769 σαφέστατα
573 687 820 772 παρηκολούθει
843 696 882 772 τῇ
906 686 1047 765 ἐλλείψει
1070 687 1107 752 ἐν
1124 699 1174 776 τῷ

126 789 204 856 5ιε’
237 793 427 877 θεωρήματι
459 801 526 855 τῶν
558 795 733 858 Κωνικῶν·
766 797 908 871 ἔλλειψις
938 795 1001 879 δίρα
1032 793 1121 859 ἐστὶν
1155 795 1178 878 ἡ

161 901 267 962 ΑΒΓ
283 899 365 983 τομὴ
384 907 444 963 τοῦ
463 899 654 984 κυλίνδρου.

638 1094 698 1160 ιδ’.

226 1220 303 1286 Ἐὰν
333 1221 369 1286 έν
396 1222 578 1306 κυλίνδρου
605 1231 688 1306 τομῇ
712 1219 840 1284 εὐθεῖαι
865 1219 1015 1303 ἀχθῶσιν
1040 1217 1092 1284 ἐπὶ
1115 1221 1181 1302 τὴν

163 1327 340 1412 διάμετρον
361 1325 573 1410 τεταγμένως,
596 1330 687 1392 έσται
710 1327 749 1390 τδι
773 1323 828 1390 ἀπ’
854 1327 965 1390 αὐτῶν
988 1325 1180 1411 τετράγωνα

111 1447 145 1494 10
163 1434 246 1518 πρὸς
269 1429 329 1516 μὲν
351 1433 391 1497 τδι
413 1437 627 1518 περιεχόμενα
650 1436 754 1518 χωρία
776 1432 841 1497 ὑπὸ
861 1444 928 1497 τῶν
947 1432 1179 1516 ἀπολαμβανο-

162 1537 272 1622 μένων
303 1536 361 1603 ὑπ’
387 1539 497 1603 αὐτῶν
524 1541 607 1624 πρὸς
636 1551 705 1616 τοίς
731 1538 850 1625 πέρασι
873 1549 931 1623 τῆς
953 1543 1093 1622 πλαγίας
1116 1548 1180 1603 τοῦ

163 1645 275 1722 είδους
301 1650 459 1731 πλευρᾶς,
490 1646 535 1722 ὡς
557 1655 617 1710 τοῦ
640 1647 750 1722 είδους
773 1646 793 1731 ἡ
816 1645 918 1732 ὀρθία
945 1647 1071 1730 πλευρδι
1093 1647 1181 1731 πρὸς
1284 1701 1285 1744 3

162 1752 224 1835 τὴν
246 1755 400 1836 πλαγίαν,
422 1753 505 1838 πρὸς
529 1749 627 1817 έαυτδι
651 1751 697 1836 δέ,
718 1752 763 1829 ὡς
782 1753 821 1817 τδι
840 1755 1053 1839 περιεχόμενα
1071 1755 1181 1837 χωρία

162 1858 228 1923 ὑπὸ
252 1869 328 1942 τῶν,
353 1859 397 1936 ὡς
419 1864 560 1944 εἴρηται,
584 1858 842 1944 λαμβανομένων
865 1859 1016 1924 εὐθειῶν.

111 1978 143 2027 15
232 1967 313 2029 έστω
336 1967 518 2052 κυλίνδρου
542 1966 624 2050 τομὴ
647 1964 667 2048 ἡ
687 1969 838 2049 ΑΒΓΔ,
862 1967 1035 2051 διάμετρος
1058 1960 1095 2029 δὲ
1118 1964 1181 2028 αὐ-

163 2080 220 2153 τῆς
247 2070 267 2153 ἡ
296 2077 365 2134 ΑΔ
392 2070 448 2136 καὶ
475 2076 597 2155 πλαγία
624 2073 750 2158 πλευρδι
777 2081 837 2136 τοῦ
865 2073 991 2154 είδους,
1014 2070 1117 2157 ὀρθία
1140 2068 1181 2135 δὲ

163 2183 223 2241 τοῦ
243 2177 353 2254 είδους
371 2179 496 2264 πλευρὰ
514 2176 535 2260 ἡ
554 2182 641 2262 ΑΗ,
659 2177 714 2243 καί
733 2177 786 2243 ε’πὶ
804 2180 865 2262 τὴν
886 2184 918 2243 Α
923 2184 956 2242 Δ
974 2175 1182 2261 τεταγμένως

163 2285 323 2366 ἤχθωσαν
346 2285 383 2348 αί
403 2289 478 2368 ΒΕ,
499 2288 567 2349 ΖΓ.
611 2283 706 2369 λέγω,
730 2286 780 2351 ὅτι
803 2286 840 2350 τὸ
863 2282 924 2370 μέν
946 2284 1010 2349 ἀπὸ
1033 2292 1091 2367 τῆς
1114 2287 1184 2346 ΒΕ

163 2391 246 2471 πρὸς
268 2391 305 2457 τὸ
328 2390 393 2456 ὑπὸ
412 2403 479 2456 τῶν
497 2396 573 2475 ΑΒ,
593 2396 660 2456 ΕΔ
678 2391 777 2475 ἐστιν,
801 2391 846 2468 ὡς
863 2389 883 2473 ἡ
902 2395 942 2455 Η
943 2397 975 2455 Α
997 2393 1079 2476 πρὸς
1098 2396 1182 2474 ΑΔ,

111 2511 146 2558 20
164 2499 201 2562 τὸ
226 2495 263 2562 δὲ
286 2496 349 2563 ἀπὸ
373 2508 429 2582 τῆς
452 2503 518 2563 ΒΕ
538 2499 621 2584 πρὸς
643 2499 680 2563 τὸ
705 2497 768 2564 ἀπὸ
792 2507 849 2583 τῆς
869 2501 930 2562 ΓΖ
949 2497 1049 2580 ἐστιν,
1073 2497 1118 2573 ὡς
1139 2498 1181 2561 τὸ

164 2604 229 2670 ὑπὸ
253 2610 357 2670 ΑΕΔ
379 2607 462 2691 πρὸς
484 2607 521 2670 τὸ
544 2606 610 2670 ὑπὸ
634 2609 746 2669 ΑΖΔ.

232 2711 301 2778 ἐπεὶ
324 2713 398 2799 γοίρ,
421 2713 465 2789 ὡς
488 2713 525 2777 τὸ
549 2712 613 2776 ἀπὸ
637 2721 694 2795 τῆς
718 2709 872 2797 δευτέρας
895 2709 1073 2796 διαμέτρου
1096 2709 1184 2794 πρὸς

164 2821 202 2883 τὸ
226 2817 289 2883 αἰπὸ
309 2829 367 2902 τῆς
389 2818 578 2904 διαμέτρου,
602 2818 708 2894 οὕτως
730 2821 768 2882 τό
790 2841 825 2882 τε
849 2817 912 2882 ἀπὸ
933 2827 990 2902 τῆς
1008 2821 1074 2880 ΒΕ
1095 2817 1182 2900 πρὸς

165 2925 202 2988 τὸ
225 2923 290 2988 ὑπὸ
315 2929 419 2988 ΑΕΔ
441 2923 497 2988 καὶ
520 2923 540 3006 ἡ
560 2928 636 2988 ΑΗ
654 2923 757 3009 ὀρθία
779 2925 906 3010 πλευρδι
928 2925 1011 3009 πρὸς
1029 2924 1089 3006 τὴν
1108 2927 1182 2985 ΑΔ

115 3042 149 3091 25
168 3032 327 3112 πλαγίαν,
355 3030 400 3106 ὡς
427 3032 491 3116 ίίρα
518 3029 538 3112 ἡ
567 3030 669 3115 ὀρθία
695 3031 778 3111 πρὸς
804 3032 865 3114 τὴν
887 3033 1046 3112 πλαγίαν,
1074 3028 1183 3104 οὕτως

241 3231 265 3280 3.
286 3223 411 3294 ἅπερ-
375 3223 530 3295 -δεῖξαι]
556 3239 608 3277 om
627 3241 654 3292 p.
745 3232 770 3279 4
794 3225 899 3295 ταῦτα]
923 3223 1078 3278 καὶταῦτα
1097 3219 1128 3276 δέ
1150 3239 1181 3290 p.

204 3303 227 3353 6.
247 3245 356 3368 ΑΒΓ]ρ
364 3299 489 3364 APBp.
556 3292 655 3375 κνλίνδ
655 3295 725 3376 ρον]
738 3295 794 3350 dee.
815 3295 863 3350 fol
886 3301 952 3349 175ν
970 3295 1042 3348 med
1061 3293 1095 3361 V,
1114 3291 1181 3348 reli-

167 3385 224 3436 qua
241 3385 306 3437 pars
324 3365 446 3461 paginae
469 3369 566 3433 συνετὴ
594 3365 625 3419 in
642 3384 698 3436 mg
717 3366 766 3421 inf.
785 3385 821 3420 m.
842 3373 871 3422 2:
899 3366 972 3435 ζήτει
990 3366 1021 3419 τδ
1041 3363 1183 3432 ἑπόμενον

167 3439 221 3506 πρὸ
241 3439 406 3508 φίλλωνὲἓέ
422 3465 453 3493 w.
543 3444 582 3491 14.
605 3435 836 3508 λαμβανομένων]
856 3433 1182 3507 ἀπολαμβανομένωνμ.

204 3511 523 3598 15ABPA]ABP0
599 3515 639 3562 18
663 3510 846 3578 zr]PZp
921 3514 962 3562 19
982 3509 1128 3577 AA]AA
1147 3507 1182 3560 τὸ

168 3575 200 3633 δὲ
220 3580 275 3633 ἀπὸ
294 3589 343 3649 τῆς
358 3585 410 3634 ΓΖ
429 3580 538 3649 πρὸς
512 3599 543 3634 το
557 3579 612 3632 ὑπὸ
627 3587 682 3633 τῶν
696 3582 756 3646 ΑΖ,
776 3579 861 3632 ΖΔ
846 3579 913 3647 ωςὴ
930 3583 983 3632 ΗΑ
1002 3578 1072 3645 πρὸς
1086 3583 1134 3630 ΑΔ
1153 3595 1183 3645 p
