2594 3878
441 199 492 275 nu'
510 223 685 275 sucrrcuu
704 223 799 278 coru.
1061 223 1123 287 139

107 369 187 433 data
218 368 345 432 ratione
378 372 435 432 est.
492 389 590 450 quare
623 368 651 431 si
682 368 716 431 in
744 369 815 433 basi
844 369 918 432 coni
949 369 1122 433 inserimus

107 480 234 540 rectam
267 474 365 558 duplo
398 474 553 538 maiorem
585 479 675 538 recta
706 478 778 538 HA
813 480 846 538 et
877 497 935 558 per
965 476 1123 541 insertam

109 581 332 666 uerticemque
365 580 438 644 coni
471 580 603 664 planum
636 580 797 666 ducimus,
828 581 863 644 in
890 603 972 646 ccno
1003 581 1123 646 efficiet

109 687 314 773 triangulum
347 688 445 771 duplo
478 687 632 751 maiorem
663 710 760 772 quam
788 691 906 752 ΑΗΔ.
961 710 1039 773 ergo
1067 689 1124 752 tri-

109 795 252 879 angulus
279 793 328 858 ita
354 798 561 858 constructus
590 795 629 857 ad
657 799 689 857 Α
696 797 757 858 ΓΔ
788 795 947 858 rationem
980 793 1124 880 habebit,

108 923 209 984 quam
234 903 343 964 ΑΗΔ
358 903 486 964 τΑΒΔ
509 899 578 964 siue
601 903 654 963 K:
671 904 709 963 Λ.

599 1095 638 1158 X.

200 1219 234 1284 si
258 1242 357 1284 conus
381 1223 488 1284 rectus
512 1242 570 1303 per
589 1219 743 1284 uerticem
767 1219 872 1303 planis
897 1223 1034 1303 secatur,
1057 1241 1121 1283 uno

6 1317 7 1400 ἶ
107 1351 167 1412 per
196 1349 302 1410 axem,
331 1326 403 1390 aliis
431 1331 539 1390 autem
571 1329 662 1390 extra
690 1347 795 1408 axem,
823 1329 856 1388 et
883 1324 1122 1410 triangulorum

6 1513 7 1518 γ
110 1439 204 1499 extra
219 1455 312 1498 axem
326 1434 514 1498 effectorum
528 1432 644 1516 aliquis
659 1431 824 1516 triangulo
844 1453 902 1516 per
916 1455 1009 1496 axem
1024 1433 1121 1497 ducto

5 1595 7 1606 .
110 1541 255 1624 aequalis
281 1546 344 1626 est,
367 1540 436 1604 axis
460 1540 533 1604 coni
557 1539 663 1603 minor
686 1538 748 1602 erit
770 1538 862 1602 radio
886 1538 984 1602 basis.

799 1649 888 1709 secto
912 1667 993 1710 conc
1017 1647 1120 1712 effect'

730 1751 796 1815 sint
841 1751 1015 1838 trianguli,
1064 1777 1122 1838 per

730 1879 822 1920 axem
833 1860 1122 1940 APA,ext-raeum

731 1969 840 2028 autern
850 1966 1121 2050 AEZtriangulo

730 2074 833 2135 ΑΓΛ
876 2070 1034 2155 aequalis,
1079 2071 1123 2135 sit

730 2183 838 2242 autern
853 2181 916 2242 ΕΖ
935 2183 1041 2242 rectae
1062 2181 1123 2242 ΓΔ

729 2284 884 2368 parallela
915 2285 1123 2368 perpendicu-

548 2445 555 2474 χ
730 2390 877 2476 laresque
897 2395 972 2472 AB,
987 2394 1067 2475 ΑΗ,
1090 2395 1123 2453 et

657 2523 682 2568 A
730 2496 889 2560 ducantur
934 2501 1014 2580 BE,
1043 2500 1121 2559 BH.

730 2600 816 2684 dico,
848 2623 941 2666 axem
968 2606 1034 2666 AB
1062 2603 1123 2666 nri-

729 2729 842 2772 ncrem
857 2730 927 2772 esse
944 2708 1035 2772 radio
1051 2712 1122 2773 BA.

796 2815 950 2898 quoniam

752 2923 786 2988 Δ
806 2926 908 2986 ΑΕΖ
929 2954 969 2974 --
990 2927 1102 3008 ΑΓΛ,

732 3027 831 3092 ctiam
875 3029 989 3114 dupla,
1035 3031 1066 3096 h.
1098 3053 1125 3094 e.

111 3139 175 3199 ΕΖ
190 3150 232 3201 ><
248 3138 320 3200 ΗΑ
338 3167 372 3187 =
393 3137 454 3200 ΓΔ
469 3151 510 3200 ><
527 3139 606 3213 ΒΑ;
635 3157 732 3218 quare

170 3244 1065 3306 PA:EZ=HA:AB=PB:EH=BE:EH

112 3348 268 3433 quoniam
304 3348 406 3433 igitur
442 3349 505 3412 duc
542 3349 699 3433 trianguli
736 3353 852 3432 BEH,
880 3351 988 3412 ΗΑΒ
1024 3369 1125 3410 unum

111 3504 180 3578 ἐστι]
201 3504 261 3560 ἴσον
281 3504 337 3572 ἄρα
357 3501 412 3558 ἐστί
430 3523 456 3574 p.
548 3502 609 3558 ἴσον
629 3501 701 3575 ἐστί]
725 3521 778 3558 orn.
798 3523 824 3572 p.
916 3509 956 3556 22.
983 3505 1051 3574 EZ]
1074 3503 1125 3572 τὴν

113 3581 167 3634 ΕΖ
184 3595 212 3648 p.
287 3581 328 3630 23.
350 3580 410 3630 ΕΗ
421 3577 604 3646 (utrumque)]
622 3576 673 3645 τὴν
694 3579 752 3629 ΕΗ
769 3593 796 3643 p.

398 3019 458 3033 ,κ
