2594 3878
159 185 222 249 184
467 187 554 238 ΠοΡι
572 187 700 239 Κοαον
719 188 854 240 ΤοιιιιΣ.

156 330 253 412 βάσις
277 327 314 393 δὲ
339 329 356 394 ὁ
376 327 452 414 περὶ
470 331 507 395 τὸ
526 334 554 394 Β
574 329 712 415 κέντρον
735 331 865 414 κύκλος,
888 332 925 396 τὸ
945 327 981 394 δὲ
1000 329 1184 414 ε’λάχιστον
1281 359 1283 368 ’

1280 369 1283 446 Ι,

157 447 225 500 τῶν
260 437 316 500 διὰ
349 446 409 500 τοῦ
440 436 556 515 ἄξονος
586 439 759 523 τριγώνων
788 439 826 502 τὸ
856 441 975 521 ΑΓΛ,
1008 435 1063 502 καὶ
1094 436 1184 502 θέον
1282 449 1283 468 ²

158 545 240 607 ἔστω
276 544 332 607 διὰ
361 553 421 608 τοῦ
452 548 518 608 AB
548 543 665 621 ἄξονος
696 543 832 626 ἀγαγεῖν
865 543 1021 609 ἐπίπεδον
1051 553 1183 610 ποιοῦν

157 653 337 735 τρίγωνον,
365 649 382 714 ὃ
411 653 512 733 λόγον
539 649 602 728 ἕξει
629 652 712 737 πρὸς
740 652 776 716 τὸ
800 654 903 716 ΑΓΔ
925 655 1103 737 τρίγωνον,
1134 651 1184 717 ὃν

124 770 139 816 5
159 759 224 840 ἔχει
247 756 267 840 ἡ
290 761 322 821 Ε
343 756 459 822 εὐθεῖα
482 761 600 841 μείζων
624 754 708 822 οὖσα
730 759 813 843 πρὸς
836 759 897 842 τὴν
917 763 954 841 Ζ,
977 759 1021 842 μὴ
1040 761 1183 842 μείζονα

160 865 260 945 λόγον
282 865 364 950 ἥπερ
387 864 424 928 τὸ
448 862 603 948 μέγιστον
625 875 693 929 τών
712 864 768 929 διὰ
786 873 846 929 τοῦ
865 863 982 942 ἄξονος
999 866 1183 950 τριγώνων

159 970 242 1054 πρὸς
264 971 300 1035 τὸ
325 969 498 1054 ἐλάχιστον
521 971 558 1036 τὸ
583 974 695 1036 ΑΓΔ.

227 1078 258 1140 εί
288 1073 348 1160 μὲν
376 1072 438 1142 οὖν
465 1076 485 1160 ἡ
509 1082 541 1141 Ε
561 1079 644 1163 πρὸς
667 1083 695 1142 Ζ
719 1081 820 1160 λόγον
843 1081 922 1162 ἔχει,
950 1077 989 1142 ὃν
1016 1079 1053 1142 τὸ
1081 1076 1178 1161 μέγι-

161 1199 240 1248 στον
263 1195 330 1249 τῶν
350 1184 406 1248 διὰ
424 1193 484 1249 τοῦ
503 1182 619 1262 ἄξονος
638 1187 812 1270 τριγώνων
829 1187 912 1270 πρὸς
933 1187 970 1250 τὸ
990 1185 1180 1269 ἐλάχιστον,

108 1303 142 1351 10
161 1291 217 1354 ἀιᾶ
244 1299 304 1354 τοῦ
332 1295 360 1354 Β
388 1291 471 1376 πρὸς
494 1291 600 1377 ὀρθὰς
622 1302 661 1376 τῇ
686 1294 751 1355 ΓΛ
775 1291 954 1374 ἀγαγόντες
976 1293 1113 1356 εὐθεῖαν
1136 1291 1179 1356 ἐν

160 1406 205 1484 τῷ
233 1398 343 1485 κύκλῳ
372 1395 426 1462 καλ
456 1398 512 1462 ἀιᾶ
539 1407 596 1482 τῆς
625 1397 782 1482 ἀχθείσης
808 1397 863 1462 καὶ
890 1407 949 1462 τοῦ
977 1396 1094 1476 ἄξονος
1122 1397 1179 1462 ἐκ·

160 1505 318 1586 βαλόντες
341 1502 496 1568 ἐπίπεδον
520 1502 633 1588 ἕξομεν
656 1509 820 1591 τρίγωνον
845 1503 1018 1588 ίσοσκελές,
1041 1504 1058 1569 ὃ
1082 1503 1176 1588 μέγι-

161 1612 241 1674 στόν
269 1609 337 1675 ἐστι
367 1621 434 1674 τῶν
462 1611 518 1674 διὰ
545 1619 605 1674 τοῦ
633 1609 765 1688 ἄξονος·
796 1619 899 1675 ταῦτα
930 1612 993 1696 γὰρ
1024 1610 1175 1694 ἐδείχθη·

161 1714 216 1780 καὶ
250 1714 313 1794 ἕξει
344 1718 427 1802 πρὸς
459 1719 496 1782 τὸ
524 1720 627 1781 ΑΓΔ
660 1720 761 1800 λόγον
792 1718 851 1782 τὸν
878 1726 935 1801 τῆς
965 1722 997 1782 Ε
1021 1717 1104 1801 πρὸς
1135 1721 1176 1800 Ζ,

109 1836 142 1884 15
161 1821 309 1888 τουτέστι
332 1825 391 1889 τὸν
415 1823 642 1908 ε’τιιταχθέντα.

228 1928 324 2014 ἐχέτω
353 1927 390 1994 δὲ
417 1939 482 1995 νῦν
509 1930 529 2014 ἡ
557 1935 589 1995 Ε
616 1932 699 2016 πρὸς
728 1935 755 1994 Ζ
784 1929 940 1995 ἐλάττονα
967 1933 1067 2012 λόγον
1090 1931 1174 2015 ἤπερ

160 2038 209 2120 τὸ,
233 2035 388 2121 μέγιστον
416 2048 484 2101 τών
511 2037 568 2101 ἀιά
595 2046 655 2101 τοῦ
684 2035 800 2114 ἄξονος
827 2037 999 2122 τριγώνων
1026 2036 1108 2121 πρὸς
1136 2037 1174 2100 τὸ

162 2143 347 2226 ε’λάχιστον,
375 2141 430 2207 καὶ
458 2147 581 2208 κείσθω
612 2143 703 2221 ἐκτὸς
730 2144 845 2208 εὐθεῖα
871 2142 891 2226 ἡ
915 2147 954 2207 Η
959 2147 988 2207 Θ
1011 2149 1065 2225 ἴση
1089 2139 1175 2208 οὖσα

162 2259 200 2336 τῇ
225 2251 305 2332 ΓΔ,
332 2247 388 2312 καὶ
417 2247 467 2313 ἐτ’
493 2250 593 2332 αὐτῆς
616 2251 653 2315 τὸ
677 2254 755 2314 ΚΗ
759 2255 787 2314 Θ
809 2253 973 2333 τρίγωνον
996 2248 1111 2333 ὅμοιον
1134 2249 1176 2314 ὂν

109 2369 143 2417 20
162 2366 207 2445 τῷ
231 2359 349 2440 ΑΓΛ,
378 2357 460 2420 ὥστε
491 2354 546 2420 καὶ
573 2358 634 2440 τὴν
661 2360 737 2420 ΚΗ
760 2366 800 2442 τῇ
824 2359 987 2439 ΑΓίσην
1011 2351 1175 2420 εἶναικαὶ

161 2465 268 2529 τιάντα
297 2473 413 2546 πᾶσιν,
442 2460 498 2527 καὶ
528 2461 580 2528 εἰτλ
607 2472 665 2547 τῆς
688 2466 727 2527 Η
731 2467 759 2527 Θ
791 2462 977 2527 συνεστάτω
1010 2467 1175 2547 τρίγωνον

163 2577 239 2654 ίσην
267 2573 342 2655 ἔχον
371 2573 432 2654 τὴν
459 2569 523 2634 ἀπὸ
551 2578 608 2653 τῆς
635 2578 785 2655 κορυφῆς
813 2566 865 2634 ἐστὶ
892 2571 953 2653 τὴν
981 2570 1174 2653 ἀιχοτομίαν

162 2687 219 2762 τῆς
242 2678 368 2762 βάσεως
391 2686 430 2763 τῇ
449 2680 518 2741 ΚΛ
540 2674 595 2741 καὶ
619 2679 719 2758 λόγον
743 2678 818 2759 ἔχον
838 2677 921 2762 πρὸς
938 2677 975 2740 τὸ
994 2680 1112 2759 ΚΗΘ,
1136 2675 1174 2741 ὃν

234 2894 258 2942 2.
284 2889 374 2959 ΑΓΔ]
394 2893 416 2941 Α
436 2903 516 2942 οοεο,
536 2904 558 2942 ο.
651 2893 674 2941 6.
698 2886 794 2957 λόγον]
817 2884 849 2941 θέ
867 2886 969 2955 Halley
988 2904 1051 2940 cum
1070 2886 1173 2941 Comm.

200 2976 289 3048 ἄτερ]
312 2985 361 3030 τοῦ
382 2973 415 3030 ὃν
434 2956 482 3015 ἔμ’
504 2994 532 3045 p.
624 2980 647 3031 7.
672 2976 741 3030 Post
764 2973 907 3047 ἐλάχιστον
931 2974 984 3029 del.
1009 2973 1057 3029 διὰ
1079 2983 1129 3029 τοῦ
1154 2981 1175 3029 Β

166 3049 237 3117 πρὸς
256 3046 347 3115 ὀρθάς
365 3065 401 3101 m.
422 3053 436 3100 1
457 3064 479 3102 ο.
534 3047 565 3101 τὸ
585 3049 674 3119 ΑΓΔ]
694 3063 747 3101 οοο,
766 3065 793 3116 p.
858 3052 882 3101 8.
903 3047 943 3118 εί]
962 3046 979 3115 ἡ
999 3063 1022 3100 ο.
1082 3043 1174 3114 εἰμέν

165 3151 197 3161 -
215 3125 238 3174 9.
256 3117 411 3190 ἐλάχιστον]
431 3117 475 3172 bis
495 3137 522 3187 p,
543 3117 592 3172 sed
611 3135 679 3172 corr.
752 3125 776 3172 8.
796 3116 841 3190 ἄν]
859 3137 887 3188 p,
906 3113 945 3173 ὧν
960 3117 1012 3172 Vc.
1076 3123 1099 3171 9.
1119 3137 1174 3184 τρι-

164 3191 273 3264 γώνων]
294 3207 346 3244 om.
367 3207 389 3243 ο.
477 3195 518 3244 13.
544 3189 611 3260 ἐστι]
632 3189 707 3244 ἔσται
724 3208 751 3259 p.
839 3195 880 3244 14.
906 3190 945 3260 Ε]
967 3192 1020 3242 ΕΖ
1038 3205 1065 3256 p.
1142 3190 1173 3259 Z]

163 3264 215 3334 τὴν
237 3267 302 3332 Zp.
377 3265 417 3315 16.
438 3257 468 3315 δὲ
488 3262 552 3332 νῦν]
572 3277 669 3330 om.p‚
689 3278 843 3330 suprascr.
863 3260 907 3329 δή.
983 3261 1015 3331 Ζ]
1034 3258 1086 3328 τὴν
1109 3263 1172 3328 Zp.

201 3342 241 3390 18.
261 3330 310 3389 καί
332 3365 362 3374 -
383 3331 472 3404 ἐκτός]
492 3330 628 3387 ἐκκείσθω
647 3351 674 3401 p.
735 3333 847 3404 εὐθεῖα]
868 3329 968 3387 εὐθεῖά
985 3350 1027 3392 τις
1045 3348 1070 3399 p.
1133 3336 1173 3385 20.

164 3406 227 3478 τήν]
246 3423 261 3460 e
280 3422 349 3460 corr.
369 3423 395 3474 p.
456 3405 530 3473 KH]
550 3420 624 3472 vop,
645 3407 675 3457 H
691 3403 781 3473 suppl.
796 3422 832 3458 m.
847 3419 900 3458 rec.
916 3403 948 3457 V.
1013 3408 1056 3457 21.
1076 3403 1173 3472 πᾶσιν]

165 3485 234 3601 πᾶχχ
250 3495 305 3618 χιό]
334 3479 362 3568 Ε
368 3477 404 3545 Θ]
425 3479 454 3529 Η
459 3477 484 3530 Θ
503 3475 568 3529 ἄλλο
587 3472 722 3544 τρίγωνον
740 3493 767 3543 p.
822 3472 969 3545 τρίγωνον]
988 3473 1018 3526 τὸ
1035 3475 1131 3527 ΜΗΘ
1148 3491 1174 3541 p.

237 3567 277 3602 ,τ
324 3567 375 3616 την
393 3564 420 3615 p.
