<?xml version="1.0" encoding="UTF-8"?>
<!DOCTYPE html PUBLIC "-//W3C//DTD XHTML 1.0 Transitional//EN"
    "http://www.w3.org/TR/xhtml1/DTD/xhtml1-transitional.dtd">
<html xmlns="http://www.w3.org/1999/xhtml" xml:lang="en" lang="en">
 <head>
  <title>
</title>
<meta http-equiv="Content-Type" content="text/html;charset=utf-8" />
  <meta name='ocr-system' content='tesseract 3.04.00' />
  <meta name='ocr-capabilities' content='ocr_page ocr_carea ocr_par ocr_line ocrx_word'/>
</head>
<body>
  <div class='ocr_page' id='page_1' title='image "./sereniantinoens02heibgoog_0261.png"; bbox 0 0 2604 3880; ppageno 0'>
   <div class='ocr_carea' id='block_1_1' title="bbox 443 233 1126 295">
    <p class='ocr_par' dir='ltr' id='par_1_1' title="bbox 443 233 1126 295">
     <span class='ocr_line' id='line_1_1' title="bbox 443 233 1126 295; baseline 0.015 -9"><span class='ocrx_word' id='word_1_1' title='bbox 443 237 493 287; x_wconf 80' lang='lat' dir='ltr'>uu</span> <span class='ocrx_word' id='word_1_2' title='bbox 513 237 690 289; x_wconf 77' lang='lat' dir='ltr'>eucuouu</span> <span class='ocrx_word' id='word_1_3' title='bbox 710 237 804 294; x_wconf 84' lang='lat' dir='ltr'>coru.</span> <span class='ocrx_word' id='word_1_4' title='bbox 1062 233 1126 295; x_wconf 78' lang='lat'>237</span> 
     </span>
    </p>
   </div>
   <div class='ocr_carea' id='block_1_2' title="bbox 114 376 1134 2151">
    <p class='ocr_par' dir='ltr' id='par_1_2' title="bbox 114 376 1127 461">
     <span class='ocr_line' id='line_1_2' title="bbox 114 376 1127 461; baseline -0.002 -16"><span class='ocrx_word' id='word_1_5' title='bbox 114 381 240 446; x_wconf 76' lang='lat' dir='ltr'>adiecto</span> <span class='ocrx_word' id='word_1_6' title='bbox 265 379 349 445; x_wconf 71' lang='lat' dir='ltr'>Asa</span> <span class='ocrx_word' id='word_1_7' title='bbox 373 385 467 444; x_wconf 75' lang='lat' dir='ltr'>erunt</span> <span class='ocrx_word' id='word_1_8' title='bbox 494 379 575 444; x_wconf 75' lang='grc' dir='ltr'>ΖΓ2</span> <span class='ocrx_word' id='word_1_9' title='bbox 591 383 630 460; x_wconf 79' lang='lat'>-}-</span> <span class='ocrx_word' id='word_1_10' title='bbox 648 376 730 444; x_wconf 72' lang='grc' dir='ltr'>ΓΑ2</span> <span class='ocrx_word' id='word_1_11' title='bbox 742 391 775 451; x_wconf 95' lang='grc'>&gt;</span> <span class='ocrx_word' id='word_1_12' title='bbox 790 382 830 442; x_wconf 92' lang='lat' dir='ltr'><em>H</em></span> <span class='ocrx_word' id='word_1_13' title='bbox 833 376 879 442; x_wconf 74' lang='grc' dir='ltr'>Γ2</span> <span class='ocrx_word' id='word_1_14' title='bbox 896 381 934 459; x_wconf 67' lang='grc' dir='ltr'>-Ι-</span> <span class='ocrx_word' id='word_1_15' title='bbox 953 376 1043 461; x_wconf 52' lang='grc' dir='ltr'>ΓΑἳ,</span> <span class='ocrx_word' id='word_1_16' title='bbox 1066 377 1127 443; x_wconf 86' lang='lat' dir='ltr'>hoc</span> 
     </span>
    </p>

    <p class='ocr_par' dir='ltr' id='par_1_3' title="bbox 115 484 1128 997">
     <span class='ocr_line' id='line_1_3' title="bbox 115 484 1127 572; baseline -0.002 -20"><span class='ocrx_word' id='word_1_17' title='bbox 115 493 164 552; x_wconf 80' lang='lat' dir='ltr'>est</span> <span class='ocrx_word' id='word_1_18' title='bbox 185 484 267 552; x_wconf 61' lang='grc' dir='ltr'>ΖΑ8</span> <span class='ocrx_word' id='word_1_19' title='bbox 281 497 315 560; x_wconf 97' lang='grc'>&gt;</span> <span class='ocrx_word' id='word_1_20' title='bbox 330 485 420 552; x_wconf 75' lang='lat' dir='ltr'>AH²</span> <span class='ocrx_word' id='word_1_21' title='bbox 433 486 539 570; x_wconf 82' lang='lat' dir='ltr'>[Euel.</span> <span class='ocrx_word' id='word_1_22' title='bbox 554 487 579 572; x_wconf 94' lang='grc' dir='ltr'>Ι,</span> <span class='ocrx_word' id='word_1_23' title='bbox 594 485 665 571; x_wconf 65' lang='grc'>47],</span> <span class='ocrx_word' id='word_1_24' title='bbox 684 485 794 570; x_wconf 80' lang='lat' dir='ltr'>itaque</span> <span class='ocrx_word' id='word_1_25' title='bbox 813 484 912 549; x_wconf 73' lang='lat' dir='ltr'>etiam</span> <span class='ocrx_word' id='word_1_26' title='bbox 928 489 993 550; x_wconf 90' lang='grc' dir='ltr'>ΖΑ</span> <span class='ocrx_word' id='word_1_27' title='bbox 1003 497 1036 558; x_wconf 93' lang='grc'>&gt;</span> <span class='ocrx_word' id='word_1_28' title='bbox 1048 490 1127 550; x_wconf 83' lang='grc' dir='ltr'>ΑΗ.</span> 
     </span>
     <span class='ocr_line' id='line_1_4' title="bbox 862 591 1128 677; baseline 0.011 -24"><span class='ocrx_word' id='word_1_29' title='bbox 862 591 1015 674; x_wconf 77' lang='lat' dir='ltr'>quoniam</span> <span class='ocrx_word' id='word_1_30' title='bbox 1026 592 1128 677; x_wconf 79' lang='lat' dir='ltr'>igitur</span> 
     </span>
     <span class='ocr_line' id='line_1_5' title="bbox 863 700 1128 784; baseline 0.008 -24"><span class='ocrx_word' id='word_1_31' title='bbox 863 700 925 760; x_wconf 90' lang='lat' dir='ltr'>ZB</span> <span class='ocrx_word' id='word_1_32' title='bbox 940 729 981 749; x_wconf 91' lang='lat'>=</span> <span class='ocrx_word' id='word_1_33' title='bbox 997 702 1075 784; x_wconf 89' lang='grc' dir='ltr'>ΒΗ,</span> <span class='ocrx_word' id='word_1_34' title='bbox 1096 704 1128 762; x_wconf 77' lang='lat' dir='ltr'>et</span> 
     </span>
     <span class='ocr_line' id='line_1_6' title="bbox 862 806 1127 870; baseline 0.008 -4"><span class='ocrx_word' id='word_1_35' title='bbox 862 807 929 868; x_wconf 86' lang='lat' dir='ltr'>BA</span> <span class='ocrx_word' id='word_1_36' title='bbox 948 806 1127 870; x_wconf 86' lang='lat' dir='ltr'>eommunis</span> 
     </span>
     <span class='ocr_line' id='line_1_7' title="bbox 862 917 1062 997; baseline -0.005 -20"><span class='ocrx_word' id='word_1_37' title='bbox 862 917 926 997; x_wconf 80' lang='lat' dir='ltr'>est,</span> <span class='ocrx_word' id='word_1_38' title='bbox 949 933 1062 976; x_wconf 88' lang='lat' dir='ltr'>uerum</span> 
     </span>
    </p>

    <p class='ocr_par' dir='ltr' id='par_1_4' title="bbox 889 1023 1107 1103">
     <span class='ocr_line' id='line_1_8' title="bbox 889 1023 1107 1103; baseline -0.005 -20"><span class='ocrx_word' id='word_1_39' title='bbox 889 1025 954 1084; x_wconf 89' lang='grc' dir='ltr'>ΖΑ</span> <span class='ocrx_word' id='word_1_40' title='bbox 968 1030 1002 1091; x_wconf 95' lang='grc'>&gt;</span> <span class='ocrx_word' id='word_1_41' title='bbox 1021 1023 1107 1103; x_wconf 89' lang='grc' dir='ltr'>ΑΗ,</span> 
     </span>
    </p>

    <p class='ocr_par' dir='ltr' id='par_1_5' title="bbox 862 1125 1134 2043">
     <span class='ocr_line' id='line_1_9' title="bbox 863 1125 1128 1201; baseline -0.008 -11"><span class='ocrx_word' id='word_1_42' title='bbox 863 1133 883 1201; x_wconf 80' lang='lat' dir='ltr'>l,</span> <span class='ocrx_word' id='word_1_43' title='bbox 905 1129 1003 1189; x_wconf 85' lang='grc' dir='ltr'>ΖΒΑ</span> <span class='ocrx_word' id='word_1_44' title='bbox 1036 1125 1128 1189; x_wconf 74' lang='lat' dir='ltr'>obtu-</span> 
     </span>
     <span class='ocr_line' id='line_1_10' title="bbox 863 1235 1134 1317; baseline 0 -21"><span class='ocrx_word' id='word_1_45' title='bbox 863 1237 985 1317; x_wconf 81' lang='lat' dir='ltr'>susest,</span> <span class='ocrx_word' id='word_1_46' title='bbox 994 1235 1134 1308; x_wconf 66' lang='grc' dir='ltr'><em>[ΑΒΗ</em></span> 
     </span>
     <span class='ocr_line' id='line_1_11' title="bbox 863 1342 1129 1402; baseline 0 0"><span class='ocrx_word' id='word_1_47' title='bbox 863 1343 972 1402; x_wconf 73' lang='lat' dir='ltr'>autem</span> <span class='ocrx_word' id='word_1_48' title='bbox 1015 1342 1129 1402; x_wconf 65' lang='lat' dir='ltr'>acubus</span> 
     </span>
     <span class='ocr_line' id='line_1_12' title="bbox 864 1443 1130 1530; baseline 0 -21"><span class='ocrx_word' id='word_1_49' title='bbox 864 1445 968 1530; x_wconf 80' lang='lat' dir='ltr'>[Euul.</span> <span class='ocrx_word' id='word_1_50' title='bbox 997 1443 1026 1529; x_wconf 93' lang='grc' dir='ltr'>Ι,</span> <span class='ocrx_word' id='word_1_51' title='bbox 1058 1445 1130 1529; x_wconf 82' lang='grc'>25];</span> 
     </span>
     <span class='ocr_line' id='line_1_13' title="bbox 864 1553 1128 1639; baseline -0.004 -23"><span class='ocrx_word' id='word_1_52' title='bbox 864 1575 941 1639; x_wconf 84' lang='lat' dir='ltr'>ergo</span> <span class='ocrx_word' id='word_1_53' title='bbox 969 1557 1058 1617; x_wconf 74' lang='lat' dir='ltr'>reeta</span> <span class='ocrx_word' id='word_1_54' title='bbox 1088 1553 1128 1616; x_wconf 84' lang='lat' dir='ltr'>ab</span> 
     </span>
     <span class='ocr_line' id='line_1_14' title="bbox 863 1661 1129 1744; baseline -0.008 -20"><span class='ocrx_word' id='word_1_55' title='bbox 863 1666 896 1724; x_wconf 87' lang='lat' dir='ltr'><em>A</em></span> <span class='ocrx_word' id='word_1_56' title='bbox 915 1661 955 1724; x_wconf 92' lang='lat' dir='ltr'>ad</span> <span class='ocrx_word' id='word_1_57' title='bbox 974 1664 1046 1724; x_wconf 88' lang='grc' dir='ltr'>ΖΗ</span> <span class='ocrx_word' id='word_1_58' title='bbox 1059 1681 1129 1744; x_wconf 88' lang='lat' dir='ltr'>per-</span> 
     </span>
     <span class='ocr_line' id='line_1_15' title="bbox 862 1765 1130 1850; baseline -0.011 -19"><span class='ocrx_word' id='word_1_59' title='bbox 862 1765 1078 1850; x_wconf 82' lang='lat' dir='ltr'>pendicularis</span> <span class='ocrx_word' id='word_1_60' title='bbox 1090 1766 1130 1828; x_wconf 88' lang='lat' dir='ltr'>ad</span> 
     </span>
     <span class='ocr_line' id='line_1_16' title="bbox 862 1875 1130 1956; baseline -0.007 -20"><span class='ocrx_word' id='word_1_61' title='bbox 862 1877 971 1956; x_wconf 73' lang='lat' dir='ltr'>partes</span> <span class='ocrx_word' id='word_1_62' title='bbox 983 1875 1130 1936; x_wconf 89' lang='lat' dir='ltr'>BHuer·</span> 
     </span>
     <span class='ocr_line' id='line_1_17' title="bbox 864 1977 1130 2043; baseline -0.004 0"><span class='ocrx_word' id='word_1_63' title='bbox 864 2001 918 2043; x_wconf 85' lang='lat' dir='ltr'>sus</span> <span class='ocrx_word' id='word_1_64' title='bbox 929 1978 1024 2043; x_wconf 75' lang='lat' dir='ltr'>eadit.</span> <span class='ocrx_word' id='word_1_65' title='bbox 1044 1977 1130 2042; x_wconf 86' lang='lat' dir='ltr'><strong>simi·</strong></span> 
     </span>
    </p>

    <p class='ocr_par' dir='ltr' id='par_1_6' title="bbox 118 2083 958 2151">
     <span class='ocr_line' id='line_1_18' title="bbox 118 2083 958 2151; baseline -0.001 0"><span class='ocrx_word' id='word_1_66' title='bbox 118 2087 194 2151; x_wconf 74' lang='lat' dir='ltr'>liter</span> <span class='ocrx_word' id='word_1_67' title='bbox 218 2091 326 2151; x_wconf 77' lang='lat' dir='ltr'>autem</span> <span class='ocrx_word' id='word_1_68' title='bbox 350 2084 450 2150; x_wconf 68' lang='lat' dir='ltr'>etiam</span> <span class='ocrx_word' id='word_1_69' title='bbox 473 2084 511 2148; x_wconf 88' lang='lat' dir='ltr'>de</span> <span class='ocrx_word' id='word_1_70' title='bbox 536 2083 650 2148; x_wconf 73' lang='lat' dir='ltr'>ceteris</span> <span class='ocrx_word' id='word_1_71' title='bbox 675 2084 958 2150; x_wconf 72' lang='lat' dir='ltr'><strong>demonstrabitur.</strong></span> 
     </span>
    </p>
   </div>
   <div class='ocr_carea' id='block_1_3' title="bbox 117 2281 1132 2790">
    <p class='ocr_par' dir='ltr' id='par_1_7' title="bbox 117 2281 1132 2790">
     <span class='ocr_line' id='line_1_19' title="bbox 185 2281 1131 2367; baseline -0.001 -22"><span class='ocrx_word' id='word_1_72' title='bbox 185 2281 290 2358; x_wconf 80' lang='lat' dir='ltr'>Quare</span> <span class='ocrx_word' id='word_1_73' title='bbox 313 2281 522 2346; x_wconf 74' lang='lat' dir='ltr'>manifestum</span> <span class='ocrx_word' id='word_1_74' title='bbox 543 2286 601 2365; x_wconf 69' lang='lat' dir='ltr'>est,</span> <span class='ocrx_word' id='word_1_75' title='bbox 625 2286 730 2346; x_wconf 77' lang='lat' dir='ltr'>rectas</span> <span class='ocrx_word' id='word_1_76' title='bbox 748 2281 822 2347; x_wconf 84' lang='lat' dir='ltr'>illas</span> <span class='ocrx_word' id='word_1_77' title='bbox 840 2282 1131 2367; x_wconf 84' lang='lat' dir='ltr'>perpendiculares,</span> 
     </span>
     <span class='ocr_line' id='line_1_20' title="bbox 119 2387 1132 2472; baseline -0.003 -19"><span class='ocrx_word' id='word_1_78' title='bbox 119 2411 201 2472; x_wconf 87' lang='lat' dir='ltr'>quae</span> <span class='ocrx_word' id='word_1_79' title='bbox 225 2411 243 2452; x_wconf 89' lang='lat' dir='ltr'>a</span> <span class='ocrx_word' id='word_1_80' title='bbox 265 2393 386 2472; x_wconf 73' lang='lat' dir='ltr'>puncto</span> <span class='ocrx_word' id='word_1_81' title='bbox 410 2395 442 2453; x_wconf 86' lang='lat' dir='ltr'><em>A</em></span> <span class='ocrx_word' id='word_1_82' title='bbox 466 2388 598 2453; x_wconf 78' lang='lat' dir='ltr'>sublimi</span> <span class='ocrx_word' id='word_1_83' title='bbox 622 2389 662 2452; x_wconf 87' lang='lat' dir='ltr'>ad</span> <span class='ocrx_word' id='word_1_84' title='bbox 687 2389 847 2453; x_wconf 74' lang='lat' dir='ltr'>ambitum</span> <span class='ocrx_word' id='word_1_85' title='bbox 870 2388 982 2453; x_wconf 78' lang='lat' dir='ltr'>circuli</span> <span class='ocrx_word' id='word_1_86' title='bbox 1006 2387 1132 2472; x_wconf 75' lang='lat' dir='ltr'>cadant,</span> 
     </span>
     <span class='ocr_line' id='line_1_21' title="bbox 117 2493 1129 2581; baseline -0.001 -22"><span class='ocrx_word' id='word_1_87' title='bbox 117 2518 176 2581; x_wconf 88' lang='lat' dir='ltr'>per</span> <span class='ocrx_word' id='word_1_88' title='bbox 206 2495 409 2580; x_wconf 81' lang='lat' dir='ltr'>superficiem</span> <span class='ocrx_word' id='word_1_89' title='bbox 443 2496 517 2559; x_wconf 82' lang='lat' dir='ltr'>coni</span> <span class='ocrx_word' id='word_1_90' title='bbox 551 2495 642 2579; x_wconf 76' lang='lat' dir='ltr'>ferri,</span> <span class='ocrx_word' id='word_1_91' title='bbox 676 2495 767 2559; x_wconf 85' lang='lat' dir='ltr'>euius</span> <span class='ocrx_word' id='word_1_92' title='bbox 799 2493 887 2558; x_wconf 82' lang='lat' dir='ltr'>basis</span> <span class='ocrx_word' id='word_1_93' title='bbox 919 2493 962 2558; x_wconf 70' lang='lat' dir='ltr'>sih</span> <span class='ocrx_word' id='word_1_94' title='bbox 992 2493 1129 2558; x_wconf 83' lang='lat' dir='ltr'>circulus</span> 
     </span>
     <span class='ocr_line' id='line_1_22' title="bbox 119 2599 1131 2687; baseline -0.002 -21"><span class='ocrx_word' id='word_1_95' title='bbox 119 2601 264 2687; x_wconf 76' lang='lat' dir='ltr'>punctis,</span> <span class='ocrx_word' id='word_1_96' title='bbox 294 2600 330 2664; x_wconf 84' lang='lat' dir='ltr'>&#39;ur</span> <span class='ocrx_word' id='word_1_97' title='bbox 362 2622 443 2683; x_wconf 88' lang='lat' dir='ltr'>quae</span> <span class='ocrx_word' id='word_1_98' title='bbox 472 2601 589 2666; x_wconf 72' lang='lat' dir='ltr'>cadant</span> <span class='ocrx_word' id='word_1_99' title='bbox 615 2599 908 2684; x_wconf 81' lang='lat' dir='ltr'>perpendiculares,</span> <span class='ocrx_word' id='word_1_100' title='bbox 941 2599 1131 2685; x_wconf 81' lang='lat' dir='ltr'>descriptus,</span> 
     </span>
     <span class='ocr_line' id='line_1_23' title="bbox 119 2705 974 2790; baseline -0.005 -18"><span class='ocrx_word' id='word_1_101' title='bbox 119 2711 232 2772; x_wconf 73' lang='lat' dir='ltr'>uertex</span> <span class='ocrx_word' id='word_1_102' title='bbox 255 2711 364 2770; x_wconf 78' lang='lat' dir='ltr'>autem</span> <span class='ocrx_word' id='word_1_103' title='bbox 386 2707 484 2790; x_wconf 85' lang='lat' dir='ltr'>idem,</span> <span class='ocrx_word' id='word_1_104' title='bbox 509 2706 564 2790; x_wconf 87' lang='lat' dir='ltr'>qui</span> <span class='ocrx_word' id='word_1_105' title='bbox 588 2706 661 2772; x_wconf 85' lang='lat' dir='ltr'>coui</span> <span class='ocrx_word' id='word_1_106' title='bbox 684 2707 725 2770; x_wconf 87' lang='lat' dir='ltr'>ab</span> <span class='ocrx_word' id='word_1_107' title='bbox 749 2705 843 2770; x_wconf 77' lang='lat' dir='ltr'>initio</span> <span class='ocrx_word' id='word_1_108' title='bbox 866 2705 974 2790; x_wconf 67' lang='lat' dir='ltr'>positi.</span> 
     </span>
    </p>
   </div>
   <div class='ocr_carea' id='block_1_4' title="bbox 561 2917 693 2985">
    <p class='ocr_par' dir='ltr' id='par_1_8' title="bbox 561 2917 693 2985">
     <span class='ocr_line' id='line_1_24' title="bbox 561 2917 693 2985; baseline -0.008 0"><span class='ocrx_word' id='word_1_109' title='bbox 561 2917 693 2985; x_wconf 85' lang='lat' dir='ltr'>XLVII.</span> 
     </span>
    </p>
   </div>
   <div class='ocr_carea' id='block_1_5' title="bbox 121 3043 1132 3668">
    <p class='ocr_par' dir='ltr' id='par_1_9' title="bbox 121 3043 1132 3563">
     <span class='ocr_line' id='line_1_25' title="bbox 186 3043 1131 3132; baseline -0.001 -23"><span class='ocrx_word' id='word_1_110' title='bbox 186 3043 224 3109; x_wconf 89' lang='lat' dir='ltr'>In</span> <span class='ocrx_word' id='word_1_111' title='bbox 261 3067 342 3110; x_wconf 87' lang='lat' dir='ltr'>cono</span> <span class='ocrx_word' id='word_1_112' title='bbox 380 3045 508 3110; x_wconf 66' lang='lat' dir='ltr'>scaleno</span> <span class='ocrx_word' id='word_1_113' title='bbox 545 3045 621 3110; x_wconf 70' lang='lat' dir='ltr'>dato</span> <span class='ocrx_word' id='word_1_114' title='bbox 658 3045 766 3129; x_wconf 88' lang='lat' dir='ltr'>aliquo</span> <span class='ocrx_word' id='word_1_115' title='bbox 803 3045 1042 3132; x_wconf 74' lang='lat' dir='ltr'>triangulorum</span> <span class='ocrx_word' id='word_1_116' title='bbox 1074 3067 1131 3130; x_wconf 89' lang='lat' dir='ltr'>per</span> 
     </span>
     <span class='ocr_line' id='line_1_26' title="bbox 121 3151 1131 3238; baseline -0.001 -22"><span class='ocrx_word' id='word_1_117' title='bbox 121 3174 213 3216; x_wconf 86' lang='lat' dir='ltr'>axem</span> <span class='ocrx_word' id='word_1_118' title='bbox 237 3151 420 3236; x_wconf 74' lang='lat' dir='ltr'>ductorum,</span> <span class='ocrx_word' id='word_1_119' title='bbox 448 3151 503 3235; x_wconf 87' lang='lat' dir='ltr'>qui</span> <span class='ocrx_word' id='word_1_120' title='bbox 528 3174 631 3238; x_wconf 87' lang='lat' dir='ltr'>neque</span> <span class='ocrx_word' id='word_1_121' title='bbox 655 3153 814 3216; x_wconf 78' lang='lat' dir='ltr'>maximus</span> <span class='ocrx_word' id='word_1_122' title='bbox 839 3157 888 3216; x_wconf 75' lang='lat' dir='ltr'>est</span> <span class='ocrx_word' id='word_1_123' title='bbox 910 3174 1014 3236; x_wconf 87' lang='lat' dir='ltr'>neque</span> <span class='ocrx_word' id='word_1_124' title='bbox 1037 3151 1131 3216; x_wconf 84' lang='lat' dir='ltr'>mini-</span> 
     </span>
     <span class='ocr_line' id='line_1_27' title="bbox 121 3258 1131 3345; baseline -0.002 -21"><span class='ocrx_word' id='word_1_125' title='bbox 121 3282 208 3345; x_wconf 82' lang='lat' dir='ltr'>mus,</span> <span class='ocrx_word' id='word_1_126' title='bbox 238 3258 339 3323; x_wconf 90' lang='lat' dir='ltr'>alium</span> <span class='ocrx_word' id='word_1_127' title='bbox 370 3259 571 3345; x_wconf 75' lang='lat' dir='ltr'>triangulum</span> <span class='ocrx_word' id='word_1_128' title='bbox 602 3282 660 3345; x_wconf 90' lang='lat' dir='ltr'>per</span> <span class='ocrx_word' id='word_1_129' title='bbox 692 3281 784 3324; x_wconf 87' lang='lat' dir='ltr'>axem</span> <span class='ocrx_word' id='word_1_130' title='bbox 817 3259 949 3324; x_wconf 74' lang='lat' dir='ltr'>ductum</span> <span class='ocrx_word' id='word_1_131' title='bbox 976 3259 1131 3343; x_wconf 82' lang='lat' dir='ltr'>inuenire,</span> 
     </span>
     <span class='ocr_line' id='line_1_28' title="bbox 123 3365 1132 3450; baseline 0 -20"><span class='ocrx_word' id='word_1_132' title='bbox 123 3366 178 3450; x_wconf 88' lang='lat' dir='ltr'>qui</span> <span class='ocrx_word' id='word_1_133' title='bbox 200 3388 266 3431; x_wconf 89' lang='lat' dir='ltr'>una</span> <span class='ocrx_word' id='word_1_134' title='bbox 288 3387 362 3430; x_wconf 84' lang='lat' dir='ltr'>eum</span> <span class='ocrx_word' id='word_1_135' title='bbox 383 3365 458 3430; x_wconf 78' lang='lat' dir='ltr'>dato</span> <span class='ocrx_word' id='word_1_136' title='bbox 478 3366 621 3449; x_wconf 85' lang='lat' dir='ltr'>aequalis</span> <span class='ocrx_word' id='word_1_137' title='bbox 640 3367 684 3430; x_wconf 74' lang='lat' dir='ltr'>sit</span> <span class='ocrx_word' id='word_1_138' title='bbox 708 3365 806 3430; x_wconf 86' lang='lat' dir='ltr'>simul</span> <span class='ocrx_word' id='word_1_139' title='bbox 824 3366 965 3431; x_wconf 86' lang='lat' dir='ltr'>maximo</span> <span class='ocrx_word' id='word_1_140' title='bbox 984 3365 1132 3430; x_wconf 87' lang='lat' dir='ltr'><strong>minimo-</strong></span> 
     </span>
     <span class='ocr_line' id='line_1_29' title="bbox 123 3472 1095 3563; baseline 0.003 -27"><span class='ocrx_word' id='word_1_141' title='bbox 123 3493 184 3557; x_wconf 93' lang='lat' dir='ltr'>que</span> <span class='ocrx_word' id='word_1_142' title='bbox 208 3494 331 3558; x_wconf 83' lang='lat' dir='ltr'>eorum,</span> <span class='ocrx_word' id='word_1_143' title='bbox 356 3472 411 3556; x_wconf 88' lang='lat' dir='ltr'>qui</span> <span class='ocrx_word' id='word_1_144' title='bbox 433 3495 491 3558; x_wconf 88' lang='lat' dir='ltr'>per</span> <span class='ocrx_word' id='word_1_145' title='bbox 514 3496 606 3538; x_wconf 87' lang='lat' dir='ltr'>axem</span> <span class='ocrx_word' id='word_1_146' title='bbox 629 3473 798 3542; x_wconf 71' lang='lat' dir='ltr'>ducuntur.</span> <span class='ocrx_word' id='word_1_147' title='bbox 1089 3551 1095 3563; x_wconf 35' lang='grc'>,</span> 
     </span>
    </p>

    <p class='ocr_par' dir='ltr' id='par_1_10' title="bbox 189 3575 1131 3668">
     <span class='ocr_line' id='line_1_30' title="bbox 189 3575 1131 3668; baseline 0.005 -26"><span class='ocrx_word' id='word_1_148' title='bbox 189 3579 232 3644; x_wconf 73' lang='lat' dir='ltr'>sir</span> <span class='ocrx_word' id='word_1_149' title='bbox 259 3602 358 3646; x_wconf 81' lang='lat' dir='ltr'>conus</span> <span class='ocrx_word' id='word_1_150' title='bbox 388 3580 547 3666; x_wconf 83' lang='lat' dir='ltr'>scalenus,</span> <span class='ocrx_word' id='word_1_151' title='bbox 575 3580 666 3646; x_wconf 83' lang='lat' dir='ltr'>euius</span> <span class='ocrx_word' id='word_1_152' title='bbox 694 3585 806 3646; x_wconf 68' lang='lat' dir='ltr'>uertex</span> <span class='ocrx_word' id='word_1_153' title='bbox 836 3580 879 3645; x_wconf 76' lang='lat' dir='ltr'>sit</span> <span class='ocrx_word' id='word_1_154' title='bbox 907 3586 939 3645; x_wconf 90' lang='lat' dir='ltr'><em>A</em></span> <span class='ocrx_word' id='word_1_155' title='bbox 965 3575 1131 3668; x_wconf 61' lang='lat' dir='ltr'>puueauui‚‘</span> 
     </span>
    </p>
   </div>
   <div class='ocr_carea' id='block_1_6' title="bbox 0 0 1311 3880">
    <p class='ocr_par' dir='ltr' id='par_1_11' title="bbox 0 0 1311 3880">
     <span class='ocr_line' id='line_1_31' title="bbox 0 0 1311 3880; baseline 0 0"><span class='ocrx_word' id='word_1_156' title='bbox 0 0 1311 3880; x_wconf 95' lang='lat' dir='ltr'> </span> 
     </span>
    </p>
   </div>
  </div>
 </body>
</html>
