2574 3882
151 189 193 252 10
415 191 501 242 ΠΕΡΙ
519 189 735 240 ΚΤΛΙΝΔΡΟΤ
754 190 889 243 ΤΟΜΗΣ.

216 337 297 399 έστω
328 333 519 418 κύλινδρος,
546 328 586 398 οὗ
613 331 725 416 βάσεις
752 330 812 417 μὲν
839 335 874 398 οί
901 331 976 419 περὶ
1000 333 1040 397 τά
1063 338 1109 416 A,
1134 337 1164 398 Β

150 439 270 527 κέντρα
299 441 430 524 κύκλοι,
459 438 547 517 άξων
577 435 614 504 δὲ
641 440 661 524 ἡ
690 444 756 504 AB
784 440 913 523 εὐθεῖα,
941 438 996 504 καὶ
1024 440 1079 504 διά
1106 449 1167 523 τῆς
1265 491 1266 522 ÷

153 553 219 613 AB
261 546 472 631 ἐκβεβλήσθω
510 546 666 612 ἐπίπεδον
706 544 826 630 τέμνον
867 549 927 612 τὸν
968 546 1167 631 κύλινδρον·
1264 555 1266 568 ⁴

149 657 279 738 ποιήσει
302 655 343 738 δὴ
368 653 403 718 ἐν
426 650 486 738 μὲν
508 662 578 729 τοῖς
600 654 734 729 κύκλοις
757 654 890 730 εὐθείας
913 654 971 730 τάς
995 655 1075 736 ΓΔ,
1098 657 1167 717 ΕΖ
1266 701 1267 706 1

116 771 132 819 5
152 759 347 847 διαμέτρους
375 761 490 844 οὔσας,
519 759 555 824 ἐν
578 756 614 823 δέ
637 770 676 846 τῇ
701 759 875 846 ἐπιφανείᾳ
898 769 958 824 τοῦ
981 761 1166 844 κυλίνδρου

149 869 207 944 τάς
230 871 345 953 ΕΗΓ,
370 873 436 932 ΖΛ
459 866 618 952 γραμμάς.
664 864 763 949 λέγω,
787 867 837 931 δτι
860 865 914 932 καὶ
938 864 1074 952 ἑκατέρα
1096 877 1167 930 τῶν

151 978 266 1058 ΕΗΓ,
290 981 323 1039 Λ
329 979 356 1039 Ζ
378 984 540 1061 γραμμῶν
563 973 678 1038 εὐθεῖά
703 972 801 1038 ἐστιν.

215 1084 246 1146 εί
258 1083 320 1167 γάρ
336 1083 492 1164 δυνατόν,
506 1081 549 1164 μὴ
565 1083 712 1145 ἐστωσαν
726 1080 865 1163 εὐθεῖαι,
878 1078 933 1145 καλ
948 1079 1165 1164 ἐπεζεύχδωὴ

149 1192 243 1254 ΕΘΓ
253 1190 379 1256 εὐθεῖα.
400 1185 469 1252 ἐπεὶ
483 1183 546 1253 οὖν
559 1186 579 1270 ἡ
590 1189 689 1252 ΕΗΓ
693 1189 824 1272 γραμμὴ
839 1184 894 1251 καὶ
909 1185 929 1269 ἡ
944 1189 1039 1251 ΕΘΓ
1048 1187 1165 1251 εὐδεία

98 1305 130 1366 10
150 1294 244 1381 ἐντῷ
259 1299 325 1358 ΕΔ
335 1293 476 1381 ἐπιπέδῳ
491 1292 554 1358 είσλ
565 1294 792 1359 συνάπτουσαι
801 1294 884 1357 κατά
893 1294 933 1357 τά
947 1298 987 1376 Ε,
998 1296 1165 1377 Γσημεῖα,

148 1405 207 1466 καί
221 1400 310 1464 ἐστιν
329 1399 349 1481 ἡ
369 1403 476 1463 ΕΗΓ
490 1402 621 1485 γραμμὴ
637 1398 689 1464 ἐπὶ
703 1409 761 1483 τῆς
774 1409 834 1464 τοῦ
848 1401 1030 1486 κυλίνδρου
1046 1400 1165 1484 ἐπιφα-

149 1510 253 1591 νείας,
276 1505 295 1588 ἡ
319 1508 423 1570 ΕΘΓ
443 1507 508 1589 άρα
531 1505 646 1569 εὐθεῖα
670 1506 731 1570 οὐκ
754 1509 844 1570 ἐστιν
867 1504 920 1571 ἐπὶ
942 1516 1000 1590 τῆς
1023 1516 1082 1572 τοῦ
1105 1531 1165 1572 κυ-

149 1613 288 1698 λίνδρου
313 1611 514 1696 ἐπιφανείας.
551 1609 621 1676 ἐπεὶ·
643 1607 705 1676 οὖν
728 1613 763 1676 οί
783 1618 829 1695 A,
852 1617 880 1676 Β
903 1613 1019 1678 κύκλοι
1044 1619 1110 1679 ίσοι
1128 1637 1165 1679 τε

149 1717 204 1784 καὶ
231 1718 439 1804 παράλληλοί
464 1719 527 1782 είσι
554 1715 608 1782 καὶ
632 1715 806 1801 τέμνονται
829 1719 894 1784 ὑπὸ
918 1729 978 1784 τοῦ
1002 1725 1070 1785 ΕΛ
1094 1720 1164 1786 ἐπι-

98 1839 130 1886 15
149 1824 267 1908 πέδου,
295 1826 332 1889 αί
357 1827 421 1910 άρα
448 1822 558 1889 κοιναί
586 1824 696 1888 αὐτῶν
721 1823 817 1908 τομαὶ
840 1826 1048 1912 παράλληλοί
1068 1829 1162 1892 εἰσιν.

149 1931 213 1998 είσὶ
241 1929 277 1996 δέ
306 1930 361 1995 καί
390 1937 472 1996 ίσαι·
499 1931 667 2016 διάμετροι
695 1931 757 2016 γάρ
788 1933 872 1996 είσιν
905 1938 987 1998 ίσων
1016 1933 1163 1999 κύκλων·

150 2039 208 2105 ἐὰν
235 2041 299 2125 άρα
326 2041 494 2122 μενόντων
521 2049 589 2102 τῶν
617 2043 662 2121 A,
686 2042 714 2102 B
743 2042 886 2122 σημείων
914 2041 971 2116 τάς
994 2044 1074 2124 AF,
1099 2045 1165 2105 ΒΕ

149 2144 346 2230 διαμέτρους
377 2147 549 2228 νοήσωμεν
581 2143 853 2229 περιενεγκούσας
884 2147 945 2230 τὴν
977 2144 1081 2213 ΕΘΓ
1108 2148 1163 2212 εύ-

149 2260 247 2318 δείαν
274 2250 349 2337 περὶ
377 2255 455 2328 τοὺς
478 2258 524 2334 A,
547 2255 575 2315 Β
599 2250 742 2328 κύκλους
763 2250 819 2316 καὶ
842 2251 1162 2339 άποκαδισταμένας,

96 2360 169 2444 2οἡ
193 2362 296 2423 ΕΘΓ
314 2359 429 2423 εὐθεῖα
453 2359 571 2444 γράψει
594 2360 655 2442 τὴν
676 2367 736 2423 τοῦ
754 2361 936 2445 κυλίνδρου
956 2359 1162 2446 ἐπιφάνειαν,

149 2464 205 2530 καὶ
227 2469 317 2530 ἔσται
340 2467 377 2530 τὸ
404 2469 432 2530 Θ
450 2462 503 2530 ἐπὶ
521 2474 579 2548 τῆς
597 2463 798 2549 ἐπιφανείας.
836 2461 878 2549 ἦν
897 2462 933 2530 δὲ
953 2465 1056 2544 ἐκτός·
1081 2469 1160 2554 ὅπερ

150 2571 324 2638 άδύνατον.
371 2573 486 2638 εὐθεῖα
510 2574 573 2658 άρα
598 2571 686 2637 ἐστὶν
709 2572 729 2655 ἡ
750 2577 824 2637 ΕΗ
826 2576 861 2638 Γ.
903 2573 1024 2658 ὁμοίως
1047 2572 1083 2639 δὲ
1106 2574 1161 2640 καί

149 2680 169 2763 ἡ
194 2685 269 2744 ΖΔ.
319 2677 374 2744 καὶ
402 2678 672 2762 ἐπιζευγνύουσιν
701 2686 774 2756 ίσας
796 2703 831 2745 τε
853 2678 908 2744 καὶ
930 2683 1162 2767 παραλλήλους

149 2788 207 2862 τὰς
230 2791 307 2869 ΕΖ,
332 2789 409 2850 ΓΔ·
450 2787 487 2850 τὸ
516 2791 582 2850 ΕΛ
605 2789 669 2872 άρα
692 2790 1035 2872 παραλληλόγραμμόν
1058 2788 1162 2853 ἐστιν·

97 2905 130 2952 25
150 2893 229 2977 ὅπερ
253 2893 319 2957 ἐδει
344 2890 455 2968 δείξαι.

221 3126 244 3174 1.
265 3119 370 3192 βάσεις]
391 3137 459 3174 corr.
480 3136 514 3174 ex
532 3118 612 3190 βάσις
630 3139 662 3189 p,
687 3119 767 3191 βάσις
785 3122 861 3176 ch.
945 3127 969 3176 2.
988 3124 1048 3194 τῆς]
1067 3131 1116 3177 τοῦ
1136 3140 1160 3177 ο.

185 3189 538 3263 3,ΑΒ]ΑΒεύθείαςμ.
613 3194 1064 3264 6.ΕΗΓ,ΖΔ]ΓΗΕ,ΔΖμ
1135 3199 1158 3249 7.

151 3265 256 3335 ΕΗΓ]
279 3266 365 3317 ΓΗΕ
382 3282 408 3332 p.
477 3269 501 3318 ο.
522 3265 695 3335 κουράς]
717 3267 801 3320 ΓοΕ
819 3283 847 3334 p.
903 3266 1006 3336 ΕΗΓ]
1028 3269 1114 3318 ΓΗΕ
1131 3284 1159 3334 p.

186 3334 375 3406 ΕΘΓ(ο1λ.)]
405 3337 490 3390 ΓΘΕ
520 3335 631 3389 εὐθεῖαι
662 3354 689 3405 p.
742 3395 746 3404 ⁴
780 3342 821 3390 10.
851 3336 922 3406 ΕΔ]
951 3352 1019 3391 corr.
1044 3352 1078 3389 ex
1104 3339 1161 3392 ΕΘ

149 3413 276 3460 m.10.
373 3407 718 3478 11.EHF]PHEp.
815 3412 856 3461 ιν.
887 3408 989 3478 σον]
1021 3410 1105 3463 ΓοΕ
1132 3426 1159 3476 p.

187 3482 227 3531 18.
249 3479 351 3549 ΕΘΓ]
374 3481 502 3546 ΓΘΕΡ.
590 3485 630 3532 20.
652 3479 756 3549 ΕΘΓ]
777 3480 905 3546 ΓΘΕῙ),
991 3484 1032 3532 22.
1053 3481 1144 3533 ΕΗΓ

75 3611 77 3615 ,
152 3551 251 3616 ΓΗΕ,
276 3552 431 3618 Εοοοττ,,
454 3567 481 3617 p.
562 3554 603 3603 23.
626 3551 689 3620 ΖΔ]
709 3553 763 3603 ΔΖ
781 3567 807 3618 p.
882 3548 1159 3619 ἐπιζευγνύουσισ,
