2574 3882
412 205 462 253 on
481 202 659 254 sucrrouu
678 203 856 256 curruum.
1100 201 1141 264 71

1 363 2 368 ’
129 368 229 432 quare
264 347 292 411 si
321 368 437 410 conum
463 345 665 428 finxerimus,
684 347 789 410 ,cuius
817 346 905 411 basis
934 347 977 412 sit
1005 347 1144 412 circulus

125 455 249 520 circum
283 453 476 517 diametrum
504 452 577 536 ΡΞ,
608 451 792 538 triangulus
826 456 935 517 autem
962 475 1020 537 per
1049 476 1142 518 axem

1 566 2 574 ’
127 561 256 645 positus
295 559 405 642 ΣΡΞ,
441 559 477 622 in
513 580 594 624 cono
632 581 760 642 quoque
798 559 900 623 sectio
937 560 1013 646 erit,
1049 562 1141 626 cuius

1 663 2 734 Ῐ
126 668 306 732 diametrus
340 669 390 730 est
420 669 460 730 N
461 665 496 739 Ξ.
550 665 617 729 iam
650 666 762 730 eodem
793 666 904 751 modo,
941 688 1004 750 quo
1037 672 1143 754 antea,

1 783 2 788 ’
126 773 439 859 demonstrabimus,
466 771 565 837 etiam
593 773 728 837 alteram
756 772 950 837 diametrum
973 778 1006 837 61
1029 796 1140 839 omnes

125 885 232 946 rectas
257 879 403 944 ordinate
426 879 540 944 ductas
560 880 689 944 easdem
708 900 786 943 esse.
824 899 902 964 ergo
920 878 1020 942 ctiam
1040 902 1140 945 conus

127 988 243 1052 eadem
279 985 387 1070 ellipsi
422 985 491 1050 dati
528 985 665 1070 cylindri
703 988 810 1049 sectus
848 989 910 1063 est3
948 986 1034 1070 quod
1069 987 1142 1051 fieri

126 1093 310 1178 oportebat.

575 1177 696 1244 XXIH.

195 1305 286 1372 Ocno
310 1306 387 1370 dato
412 1305 595 1390 cylindrum
616 1305 762 1369 inuenire
786 1309 819 1370 61
837 1309 1011 1388 utrumque
1031 1326 1140 1370 secare

1 1459 2 1462 ¹
122 1435 192 1477 uno
224 1413 335 1498 plano,
370 1415 455 1496 quod
486 1434 544 1497 per
577 1411 754 1478 sectionem
785 1413 820 1476 in
849 1415 988 1496 utroque
1017 1411 1140 1476 similes

123 1519 257 1605 ellipses
281 1519 410 1585 efficiat.

193 1627 288 1691 datus
321 1627 365 1692 sit
397 1649 512 1712 conus,
545 1627 635 1692 cuius
663 1626 752 1691 basis
777 1625 822 1690 sit
850 1625 989 1690 circulus
1019 1625 1141 1690 circum

1 1724 2 1727 ¹
123 1739 158 1798 A
196 1737 356 1817 centrum,
392 1737 506 1798 uertex
542 1737 652 1798 autem
685 1735 843 1817 puuctum
875 1735 919 1814 Β,
956 1731 1140 1816 triangulus

835 1842 945 1902 autem
966 1860 1024 1923 per
1047 1860 1141 1902 axem

834 1944 962 2030 positus
983 1948 1081 2010 ΓΒΛ
1100 1947 1141 2011 ad

834 2051 941 2116 basim
968 2051 1042 2116 66111
1071 2074 1141 2136 per-

833 2157 1067 2244 pendicularis,
1107 2164 1141 2224 61

835 2264 875 2327 ad
884 2268 1056 2348 utrumque
1067 2289 1141 2350 par·

834 2374 902 2434 tem
919 2371 1141 2454 producantur

834 2479 950 2560 ΑΓΕ,
969 2483 1039 2541 ΑΔ
1046 2481 1083 2561 Ζ,
1107 2483 1140 2542 61

835 2583 875 2646 ad
889 2587 956 2646 AB
969 2587 1141 2668 punctum-

836 2709 897 2771 que
921 2688 990 2753 eius
1013 2693 1042 2753 B
1066 2712 1141 2755 con-

835 3012 891 3072 aut
903 3009 1009 3074 minor
1019 3013 1139 3099 angulo

123 3115 241 3196 ΒΓΔ,
277 3117 503 3196 rectorumque
537 3115 613 3197 ΓΖ,
647 3117 712 3176 ΖΔ
748 3113 855 3178 media
885 3118 1139 3201 proportionalis

122 3225 272 3285 sumatur
292 3223 375 3304 ΖΗ,
399 3225 431 3284 61
455 3220 590 3284 ducatur
608 3223 691 3303 ΒΗ,
715 3221 854 3305 quaesiti
874 3226 983 3287 autem
1002 3224 1140 3308 cylindri

122 3327 211 3392 basis
245 3325 289 3390 sit
322 3330 378 3390 aut
405 3332 438 3390 A
470 3325 609 3390 circulus
642 3329 699 3389 aut
728 3325 810 3392 alius
838 3327 874 3390 in
902 3329 1014 3394 eodem
1040 3329 1139 3414 plano

121 3433 251 3517 positus
276 3455 313 3497 uo
338 3432 477 3498 circulus
498 3438 544 3512 Α,
566 3431 649 3495 nihil
672 3432 759 3497 enim
776 3433 933 3498 intererit.
975 3434 1019 3498 sit
1036 3435 1140 3522 igitur

116 3540 263 3617 ¹circulus
288 3539 410 3605 circum
433 3543 498 3604 ΕΘ
521 3538 728 3624 diametrum,
757 3544 790 3604 61
811 3562 869 3623 per
891 3545 1014 3625 puncta
1036 3546 1080 3625 E,
1110 3547 1140 3607 u
