2594 3878
467 225 517 276 nn
533 224 712 278 sucuronn
731 224 825 278 cunr.
1087 221 1147 284 191

138 368 285 434 oninium
312 369 565 454 triangulorum,
589 368 648 451 qui
674 367 709 430 in
734 388 817 431 nono
841 370 935 432 exire
958 389 1050 431 uxum
1073 387 1150 430 uen-

137 480 310 541 uuruuntur
342 476 500 559 basesque
531 474 701 559 purnlielus
733 473 856 538 hubeni
889 472 962 536 busi
994 472 1150 558 brinnguli

135 581 420 668 perpendieuluriu

207 711 307 754 conus
336 689 436 772 enim,
463 688 554 752 cuius
577 691 690 751 uertex
713 686 757 750 sii
780 691 824 768 A,
848 685 936 749 basis
960 690 1068 750 autem
1092 685 1151 750 uir-

138 795 231 861 eulus
255 796 376 860 circum
395 799 424 859 Β
446 799 592 860 centrum
615 793 805 876 descripturi,
827 814 885 876 per
908 813 1000 856 axem
1024 797 1150 856 secetur

720 899 818 984 plano
835 898 1035 983 triangulum
1050 902 1148 963 ΑΓΛ

619 1042 627 1084 g
655 998 661 1007 ’
722 1005 876 1070 efficienti
896 1005 936 1068 ud
950 1005 1055 1068 basim
1074 1006 1148 1069 euni

628 1110 629 1113 '
720 1110 1031 1198 perpendicularem,
1060 1116 1148 1176 rectu

721 1223 830 1282 autern
867 1217 908 1282 ab
942 1223 974 1280 A
1011 1217 1051 1280 ad
1084 1219 1149 1282 ΓΛ

721 1323 995 1413 perpendicularis
1009 1345 1075 1388 non
1090 1323 1148 1388 mi-

720 1455 781 1497 nor
792 1431 835 1496 sit
849 1429 1046 1495 rudiobasin
1066 1431 1149 1514 dieo,

721 1539 922 1626 triangulum
937 1539 1036 1601 ΑΓΛ
1050 1538 1149 1602 rnuxi-

721 1669 811 1710 mum
835 1667 904 1710 esse
929 1645 1074 1708 oninium
1092 1644 1148 1708 ui-

723 1752 925 1838 angulorum,
944 1751 1000 1834 qui
1015 1751 1051 1814 in
1066 1773 1146 1816 euno

761 1861 992 1923 construantur
1015 1858 1109 1922 bases

721 1969 828 2029 rectae
871 1966 935 2028 ΓΔ
975 1964 1147 2048 parallelus

721 2071 885 2136 habentes

778 2200 855 2242 nam
863 2178 898 2241 in
910 2177 1030 2242 circulo
1041 2183 1148 2243 reci-ae

721 2288 787 2350 ΓΛ
821 2285 977 2370 parallelu
1014 2285 1150 2349 dueatur

719 2396 793 2474 ΕΖ,
819 2391 854 2454 in
878 2412 942 2474 qua
964 2390 1148 2476 triangulus

139 2497 255 2580 ΑΕΖ,
284 2495 319 2560 in
346 2495 444 2580 plano
474 2501 582 2560 autern
612 2496 768 2582 trianguli
792 2499 894 2560 ΑΓΔ
925 2497 965 2560 ad
989 2499 1055 2560 ΓΔ
1082 2519 1151 2582 per-

139 2601 355 2685 pendicularis
393 2601 538 2690 erigatur
572 2607 655 2686 ΒΗ,
693 2607 861 2686 rectaeque
895 2605 961 2666 ΓΔ
998 2603 1152 2688 parallela

140 2705 277 2772 dueatur
304 2712 392 2788 AH;
418 2707 530 2794 'itaque
553 2711 627 2774 ΒΗ
654 2713 760 2774 rectae
789 2708 829 2773 ab
858 2715 890 2773 A
918 2709 959 2772 ad
987 2711 1053 2773 ΓΔ
1076 2731 1151 2794 per-

139 2814 338 2898 pendiculari
361 2815 505 2899 aequalis
529 2819 578 2880 est
602 2813 844 2900 [Eu01.1‚34].
891 2817 1050 2880 ducantur
1074 2819 1150 2898 ΗΓ,

140 2925 228 3003 ΗΔ,
251 2924 335 3004 ΗΕ,
359 2925 398 2985 H
400 2926 441 3000 Z;
467 2921 627 3008 fingemus
650 2921 752 3008 igitur
776 2943 901 3008 uonum,
925 2922 1015 2988 euius
1038 2927 1151 2987 uertex

141 3026 184 3090 sit
208 3028 257 3110 Η,
285 3027 354 3090 axis
378 3031 487 3092 autem
510 3031 596 3112 ΗΒ,
623 3028 711 3092 basis
735 3032 844 3092 eutem
867 3028 1006 3094 circulus
1030 3029 1151 3094 circum

140 3137 288 3198 eenirum
320 3137 347 3198 Β
381 3134 578 3219 descriptus,
618 3139 651 3199 et
685 3135 718 3199 in
758 3157 795 3199 eo
828 3134 1009 3226 triangulos
1043 3139 1082 3199 H
1085 3138 1151 3200 ΓΔ

138 3261 198 3325 per
229 3259 337 3324 axem,
366 3244 459 3304 extre
487 3263 579 3306 axem
607 3245 715 3305 aurern
744 3245 856 3305 ΗΕΖ.
911 3241 1065 3326 quoniam
1092 3241 1153 3326 igi·

140 3351 195 3410 tur
218 3349 293 3410 ΒΗ
309 3367 376 3412 non
398 3348 505 3414 minor
528 3353 577 3414 est
600 3348 704 3433 radio,
726 3352 860 3432 propter
882 3371 929 3433 ea,
952 3370 1032 3432 quae
1054 3352 1152 3414 anien

138 3452 435 3518 demenutruuirnus
457 3453 566 3538 [prop.
585 3451 643 3539 VJ,
672 3454 735 3518 erin
758 3459 797 3519 H
799 3457 858 3518 ΓΔ
872 3465 906 3530 >
922 3458 1024 3518 ΗΕΖ
1049 3455 1151 3518 omni-

140 3559 266 3642 busque
293 3557 328 3622 in
356 3580 438 3624 eune
466 3559 653 3648 inunguiis‚
685 3561 741 3646 qui
768 3562 862 3626 bases
889 3560 1011 3626 hubent
1044 3566 1151 3628 rectae
