<?xml version="1.0" encoding="UTF-8"?>
<!DOCTYPE html PUBLIC "-//W3C//DTD XHTML 1.0 Transitional//EN"
    "http://www.w3.org/TR/xhtml1/DTD/xhtml1-transitional.dtd">
<html xmlns="http://www.w3.org/1999/xhtml" xml:lang="en" lang="en">
 <head>
  <title>
</title>
<meta http-equiv="Content-Type" content="text/html;charset=utf-8" />
  <meta name='ocr-system' content='tesseract 3.04.00' />
  <meta name='ocr-capabilities' content='ocr_page ocr_carea ocr_par ocr_line ocrx_word'/>
</head>
<body>
  <div class='ocr_page' id='page_1' title='image "./sereniantinoens02heibgoog_0314.png"; bbox 0 0 2604 3880; ppageno 0'>
   <div class='ocr_carea' id='block_1_1' title="bbox 156 206 862 272">
    <p class='ocr_par' dir='ltr' id='par_1_1' title="bbox 156 206 862 272">
     <span class='ocr_line' id='line_1_1' title="bbox 156 206 862 272; baseline -0.003 -8"><span class='ocrx_word' id='word_1_1' title='bbox 156 206 223 272; x_wconf 76' lang='grc'><strong><em>290</em></strong></span> <span class='ocrx_word' id='word_1_2' title='bbox 476 209 563 263; x_wconf 83' lang='grc' dir='ltr'>ΠΕΡΙ</span> <span class='ocrx_word' id='word_1_3' title='bbox 580 208 709 262; x_wconf 76' lang='grc' dir='ltr'><em>ΚΩΕΟΤ</em></span> <span class='ocrx_word' id='word_1_4' title='bbox 726 210 862 262; x_wconf 83' lang='grc' dir='ltr'><strong>ΤΟΜΗΣ.</strong></span> 
     </span>
    </p>
   </div>
   <div class='ocr_carea' id='block_1_2' title="bbox 102 351 1171 1711">
    <p class='ocr_par' dir='ltr' id='par_1_2' title="bbox 155 351 1171 786">
     <span class='ocr_line' id='line_1_2' title="bbox 156 351 1171 439; baseline 0.005 -24"><span class='ocrx_word' id='word_1_5' title='bbox 156 353 193 416; x_wconf 91' lang='grc' dir='ltr'><strong><em>τὸ</em></strong></span> <span class='ocrx_word' id='word_1_6' title='bbox 227 354 326 416; x_wconf 87' lang='grc' dir='ltr'><strong><em>ΛΓΔ</em></strong></span> <span class='ocrx_word' id='word_1_7' title='bbox 357 352 440 436; x_wconf 81' lang='grc' dir='ltr'><strong><em>πρὸς</em></strong></span> <span class='ocrx_word' id='word_1_8' title='bbox 469 352 506 416; x_wconf 89' lang='grc' dir='ltr'><strong><em>τὸ</em></strong></span> <span class='ocrx_word' id='word_1_9' title='bbox 536 355 651 434; x_wconf 92' lang='grc' dir='ltr'><em>ΚΕΖ,</em></span> <span class='ocrx_word' id='word_1_10' title='bbox 683 351 789 428; x_wconf 75' lang='grc' dir='ltr'><strong><em>οὕτως</em></strong></span> <span class='ocrx_word' id='word_1_11' title='bbox 820 355 858 417; x_wconf 91' lang='grc' dir='ltr'><strong><em>τὸ</em></strong></span> <span class='ocrx_word' id='word_1_12' title='bbox 886 359 984 418; x_wconf 85' lang='grc' dir='ltr'><strong><em>ΒΕΖ</em></strong></span> <span class='ocrx_word' id='word_1_13' title='bbox 1014 356 1098 439; x_wconf 79' lang='grc' dir='ltr'><strong><em>πρὸς</em></strong></span> <span class='ocrx_word' id='word_1_14' title='bbox 1131 357 1171 420; x_wconf 87' lang='grc' dir='ltr'><strong><em>τὸ</em></strong></span> 
     </span>
     <span class='ocr_line' id='line_1_3' title="bbox 156 463 1169 554; baseline 0.005 -24"><span class='ocrx_word' id='word_1_15' title='bbox 156 470 266 531; x_wconf 89' lang='grc' dir='ltr'><em>ΚΕΖ.</em></span> <span class='ocrx_word' id='word_1_16' title='bbox 313 465 425 550; x_wconf 74' lang='grc' dir='ltr'><strong><em>ἐπειδὴ</em></strong></span> <span class='ocrx_word' id='word_1_17' title='bbox 454 463 490 531; x_wconf 74' lang='lat'><strong><em>66</em></strong></span> <span class='ocrx_word' id='word_1_18' title='bbox 513 467 532 531; x_wconf 99' lang='lat'>6</span> <span class='ocrx_word' id='word_1_19' title='bbox 555 471 694 532; x_wconf 85' lang='grc' dir='ltr'><em>ΛΗΓΔ</em></span> <span class='ocrx_word' id='word_1_20' title='bbox 716 479 823 546; x_wconf 99' lang='grc' dir='ltr'><strong><em>κῶνος</em></strong></span> <span class='ocrx_word' id='word_1_21' title='bbox 844 470 928 554; x_wconf 79' lang='grc' dir='ltr'><strong><em>πρὸς</em></strong></span> <span class='ocrx_word' id='word_1_22' title='bbox 950 470 1008 534; x_wconf 89' lang='grc' dir='ltr'><strong><em>τὸν</em></strong></span> <span class='ocrx_word' id='word_1_23' title='bbox 1031 473 1169 536; x_wconf 87' lang='grc' dir='ltr'><em>ΚΘΕΖ</em></span> 
     </span>
     <span class='ocr_line' id='line_1_4' title="bbox 157 583 1169 671; baseline 0.004 -25"><span class='ocrx_word' id='word_1_24' title='bbox 157 584 280 666; x_wconf 73' lang='grc' dir='ltr'><strong><em>ἰσοϋψῆ</em></strong></span> <span class='ocrx_word' id='word_1_25' title='bbox 312 592 422 647; x_wconf 91' lang='grc' dir='ltr'><strong><em>κῶνον</em></strong></span> <span class='ocrx_word' id='word_1_26' title='bbox 449 583 647 647; x_wconf 79' lang='grc' dir='ltr'><strong><em>διπλασίονα</em></strong></span> <span class='ocrx_word' id='word_1_27' title='bbox 674 586 775 665; x_wconf 78' lang='grc' dir='ltr'><strong><em>λόγον</em></strong></span> <span class='ocrx_word' id='word_1_28' title='bbox 802 586 867 667; x_wconf 79' lang='grc' dir='ltr'><strong><em>ἔχει</em></strong></span> <span class='ocrx_word' id='word_1_29' title='bbox 894 585 976 671; x_wconf 75' lang='grc' dir='ltr'><strong><em>ἥπερ</em></strong></span> <span class='ocrx_word' id='word_1_30' title='bbox 1004 585 1041 649; x_wconf 91' lang='grc' dir='ltr'><strong><em>τὸ</em></strong></span> <span class='ocrx_word' id='word_1_31' title='bbox 1069 589 1169 650; x_wconf 87' lang='grc' dir='ltr'><strong><em>ΑΓΔ</em></strong></span> 
     </span>
     <span class='ocr_line' id='line_1_5' title="bbox 155 695 1166 786; baseline 0.003 -24"><span class='ocrx_word' id='word_1_32' title='bbox 155 698 238 783; x_wconf 75' lang='grc' dir='ltr'><strong><em>πρὸς</em></strong></span> <span class='ocrx_word' id='word_1_33' title='bbox 270 698 307 762; x_wconf 88' lang='grc' dir='ltr'><strong><em>τὸ</em></strong></span> <span class='ocrx_word' id='word_1_34' title='bbox 336 701 450 781; x_wconf 97' lang='grc' dir='ltr'><em>ΚΕΖ,</em></span> <span class='ocrx_word' id='word_1_35' title='bbox 483 698 527 774; x_wconf 81' lang='grc' dir='ltr'><strong><em>ὡς</em></strong></span> <span class='ocrx_word' id='word_1_36' title='bbox 559 695 596 762; x_wconf 74' lang='lat'><strong><em>66</em></strong></span> <span class='ocrx_word' id='word_1_37' title='bbox 627 699 664 762; x_wconf 93' lang='grc' dir='ltr'><strong><em>τὸ</em></strong></span> <span class='ocrx_word' id='word_1_38' title='bbox 692 701 792 762; x_wconf 85' lang='grc' dir='ltr'><strong><em>ΑΓΔ</em></strong></span> <span class='ocrx_word' id='word_1_39' title='bbox 823 703 987 783; x_wconf 79' lang='grc' dir='ltr'><strong><em>τρίγωνον</em></strong></span> <span class='ocrx_word' id='word_1_40' title='bbox 1018 701 1101 786; x_wconf 79' lang='grc' dir='ltr'><strong><em>πρὸς</em></strong></span> <span class='ocrx_word' id='word_1_41' title='bbox 1128 702 1166 765; x_wconf 90' lang='grc' dir='ltr'><strong><em>τὸ</em></strong></span> 
     </span>
    </p>

    <p class='ocr_par' dir='ltr' id='par_1_3' title="bbox 120 813 1170 1363">
     <span class='ocr_line' id='line_1_6' title="bbox 120 813 1168 900; baseline 0.002 -23"><span class='ocrx_word' id='word_1_42' title='bbox 120 816 269 898; x_wconf 78' lang='grc' dir='ltr'><em>σΚΕΖ,</em></span> <span class='ocrx_word' id='word_1_43' title='bbox 301 813 407 890; x_wconf 81' lang='grc' dir='ltr'><strong><em>οὕτως</em></strong></span> <span class='ocrx_word' id='word_1_44' title='bbox 438 814 475 878; x_wconf 88' lang='grc' dir='ltr'><strong><em>τὸ</em></strong></span> <span class='ocrx_word' id='word_1_45' title='bbox 503 817 601 878; x_wconf 90' lang='grc' dir='ltr'><strong><em>ΒΕΖ</em></strong></span> <span class='ocrx_word' id='word_1_46' title='bbox 633 815 715 900; x_wconf 84' lang='grc' dir='ltr'><strong><em>πρὸς</em></strong></span> <span class='ocrx_word' id='word_1_47' title='bbox 742 818 857 898; x_wconf 91' lang='grc' dir='ltr'><em>ΚΕΖ,</em></span> <span class='ocrx_word' id='word_1_48' title='bbox 889 814 907 879; x_wconf 89' lang='lat'>6</span> <span class='ocrx_word' id='word_1_49' title='bbox 935 816 999 900; x_wconf 75' lang='grc' dir='ltr'><strong><em>ἄρα</em></strong></span> <span class='ocrx_word' id='word_1_50' title='bbox 1027 818 1168 879; x_wconf 88' lang='grc' dir='ltr'><em>ΑΗΓΔ</em></span> 
     </span>
     <span class='ocr_line' id='line_1_7' title="bbox 155 929 1167 1016; baseline 0.001 -22"><span class='ocrx_word' id='word_1_51' title='bbox 155 939 262 1006; x_wconf 81' lang='grc' dir='ltr'><strong><em>κῶνος</em></strong></span> <span class='ocrx_word' id='word_1_52' title='bbox 288 930 371 1014; x_wconf 82' lang='grc' dir='ltr'><strong><em>πρὸς</em></strong></span> <span class='ocrx_word' id='word_1_53' title='bbox 397 929 456 994; x_wconf 88' lang='grc' dir='ltr'><strong><em>τὸν</em></strong></span> <span class='ocrx_word' id='word_1_54' title='bbox 479 932 513 992; x_wconf 94' lang='grc' dir='ltr'><em>Κ</em></span> <span class='ocrx_word' id='word_1_55' title='bbox 518 933 614 994; x_wconf 82' lang='grc' dir='ltr'><strong><em>ΘΕΖ</em></strong></span> <span class='ocrx_word' id='word_1_56' title='bbox 643 931 840 995; x_wconf 75' lang='grc' dir='ltr'><strong><em>διπλασίονα</em></strong></span> <span class='ocrx_word' id='word_1_57' title='bbox 867 933 968 1012; x_wconf 78' lang='grc' dir='ltr'><strong><em>λόγον</em></strong></span> <span class='ocrx_word' id='word_1_58' title='bbox 996 934 1060 1014; x_wconf 82' lang='grc' dir='ltr'><strong><em>ἔχει</em></strong></span> <span class='ocrx_word' id='word_1_59' title='bbox 1084 932 1167 1016; x_wconf 69' lang='grc' dir='ltr'><strong><em>ἤπερ</em></strong></span> 
     </span>
     <span class='ocr_line' id='line_1_8' title="bbox 156 1045 1166 1130; baseline 0.001 -20"><span class='ocrx_word' id='word_1_60' title='bbox 156 1047 192 1110; x_wconf 91' lang='grc' dir='ltr'><strong><em>τὸ</em></strong></span> <span class='ocrx_word' id='word_1_61' title='bbox 213 1050 309 1110; x_wconf 89' lang='grc' dir='ltr'><strong><em>ΒΕΖ</em></strong></span> <span class='ocrx_word' id='word_1_62' title='bbox 328 1048 492 1130; x_wconf 76' lang='grc' dir='ltr'><strong><em>τρίγωνον</em></strong></span> <span class='ocrx_word' id='word_1_63' title='bbox 509 1046 593 1128; x_wconf 83' lang='grc' dir='ltr'><strong><em>πρὸς</em></strong></span> <span class='ocrx_word' id='word_1_64' title='bbox 610 1047 647 1110; x_wconf 87' lang='grc' dir='ltr'><strong><em>τὸ</em></strong></span> <span class='ocrx_word' id='word_1_65' title='bbox 667 1049 781 1128; x_wconf 85' lang='grc' dir='ltr'><em>ΚΕΖ,</em></span> <span class='ocrx_word' id='word_1_66' title='bbox 805 1045 976 1111; x_wconf 81' lang='grc' dir='ltr'><strong><em>τουτέστιν</em></strong></span> <span class='ocrx_word' id='word_1_67' title='bbox 994 1046 1011 1111; x_wconf 92' lang='lat'>6</span> <span class='ocrx_word' id='word_1_68' title='bbox 1032 1051 1166 1111; x_wconf 81' lang='grc' dir='ltr'><em>ΒΘΕΖ</em></span> 
     </span>
     <span class='ocr_line' id='line_1_9' title="bbox 153 1161 1170 1248; baseline 0.002 -23"><span class='ocrx_word' id='word_1_69' title='bbox 153 1172 260 1238; x_wconf 89' lang='grc' dir='ltr'><strong><em>κῶνος</em></strong></span> <span class='ocrx_word' id='word_1_70' title='bbox 291 1162 374 1247; x_wconf 77' lang='grc' dir='ltr'><strong><em>πρὸς</em></strong></span> <span class='ocrx_word' id='word_1_71' title='bbox 405 1161 463 1226; x_wconf 87' lang='grc' dir='ltr'><strong><em>τὸν</em></strong></span> <span class='ocrx_word' id='word_1_72' title='bbox 491 1164 639 1225; x_wconf 82' lang='grc' dir='ltr'><em>ΚΘΕΖ·</em></span> <span class='ocrx_word' id='word_1_73' title='bbox 673 1163 717 1238; x_wconf 79' lang='grc' dir='ltr'><strong><em>ὡς</em></strong></span> <span class='ocrx_word' id='word_1_74' title='bbox 748 1164 812 1248; x_wconf 77' lang='grc' dir='ltr'><strong><em>ἄρα</em></strong></span> <span class='ocrx_word' id='word_1_75' title='bbox 844 1163 862 1227; x_wconf 90' lang='lat'>6</span> <span class='ocrx_word' id='word_1_76' title='bbox 890 1165 1029 1226; x_wconf 89' lang='grc' dir='ltr'><em>ΑΗΓΔ</em></span> <span class='ocrx_word' id='word_1_77' title='bbox 1060 1173 1170 1240; x_wconf 84' lang='grc' dir='ltr'><strong><em>κῶνος</em></strong></span> 
     </span>
     <span class='ocr_line' id='line_1_10' title="bbox 152 1277 1166 1363; baseline 0.001 -22"><span class='ocrx_word' id='word_1_78' title='bbox 152 1279 236 1363; x_wconf 80' lang='grc' dir='ltr'><strong><em>πρὸς</em></strong></span> <span class='ocrx_word' id='word_1_79' title='bbox 258 1277 317 1342; x_wconf 86' lang='grc' dir='ltr'><strong><em>τὸν</em></strong></span> <span class='ocrx_word' id='word_1_80' title='bbox 338 1281 484 1360; x_wconf 80' lang='grc' dir='ltr'><em>ΒΘΕΖ,</em></span> <span class='ocrx_word' id='word_1_81' title='bbox 507 1277 613 1353; x_wconf 81' lang='grc' dir='ltr'><strong><em>οὕτως</em></strong></span> <span class='ocrx_word' id='word_1_82' title='bbox 635 1277 653 1342; x_wconf 92' lang='lat'>6</span> <span class='ocrx_word' id='word_1_83' title='bbox 673 1281 806 1342; x_wconf 79' lang='grc' dir='ltr'><em>ΒΘΕΖ</em></span> <span class='ocrx_word' id='word_1_84' title='bbox 829 1279 912 1363; x_wconf 80' lang='grc' dir='ltr'><strong><em>πρὸς</em></strong></span> <span class='ocrx_word' id='word_1_85' title='bbox 934 1280 993 1342; x_wconf 94' lang='grc' dir='ltr'><strong><em>τὸν</em></strong></span> <span class='ocrx_word' id='word_1_86' title='bbox 1011 1281 1166 1361; x_wconf 82' lang='grc' dir='ltr'><em>ΚΘΕΖ,</em></span> 
     </span>
    </p>

    <p class='ocr_par' dir='ltr' id='par_1_4' title="bbox 102 1390 1171 1711">
     <span class='ocr_line' id='line_1_11' title="bbox 102 1390 1171 1479; baseline 0.004 -24"><span class='ocrx_word' id='word_1_87' title='bbox 102 1407 136 1455; x_wconf 88' lang='lat'><strong><em>10</em></strong></span> <span class='ocrx_word' id='word_1_88' title='bbox 154 1390 324 1458; x_wconf 75' lang='grc' dir='ltr'><strong><em>τουτέστιν</em></strong></span> <span class='ocrx_word' id='word_1_89' title='bbox 347 1392 453 1468; x_wconf 81' lang='grc' dir='ltr'><strong><em>οὕτως</em></strong></span> <span class='ocrx_word' id='word_1_90' title='bbox 475 1392 496 1476; x_wconf 79' lang='grc' dir='ltr'><em>ἡ</em></span> <span class='ocrx_word' id='word_1_91' title='bbox 515 1397 581 1457; x_wconf 82' lang='grc' dir='ltr'><strong><em>ΒΘ</em></strong></span> <span class='ocrx_word' id='word_1_92' title='bbox 602 1394 685 1479; x_wconf 80' lang='grc' dir='ltr'><strong><em>πρὸς</em></strong></span> <span class='ocrx_word' id='word_1_93' title='bbox 706 1397 779 1458; x_wconf 82' lang='grc' dir='ltr'><strong><em>ΘΚ.</em></strong></span> <span class='ocrx_word' id='word_1_94' title='bbox 817 1391 888 1458; x_wconf 77' lang='grc' dir='ltr'><strong><em>ἀλλ’</em></strong></span> <span class='ocrx_word' id='word_1_95' title='bbox 909 1393 930 1477; x_wconf 80' lang='grc' dir='ltr'><em>ἡ</em></span> <span class='ocrx_word' id='word_1_96' title='bbox 951 1396 1019 1457; x_wconf 80' lang='grc' dir='ltr'><strong><em>ΘΚ</em></strong></span> <span class='ocrx_word' id='word_1_97' title='bbox 1034 1404 1073 1479; x_wconf 78' lang='grc' dir='ltr'><strong><em>τῇ</em></strong></span> <span class='ocrx_word' id='word_1_98' title='bbox 1092 1400 1125 1458; x_wconf 88' lang='grc' dir='ltr'><em>Α</em></span> <span class='ocrx_word' id='word_1_99' title='bbox 1132 1398 1171 1459; x_wconf 88' lang='grc' dir='ltr'><strong><em>Η</em></strong></span> 
     </span>
     <span class='ocr_line' id='line_1_12' title="bbox 156 1508 1168 1594; baseline 0.002 -22"><span class='ocrx_word' id='word_1_100' title='bbox 156 1513 222 1591; x_wconf 76' lang='grc' dir='ltr'><strong><em>ἴση·</em></strong></span> <span class='ocrx_word' id='word_1_101' title='bbox 247 1508 292 1584; x_wconf 82' lang='grc' dir='ltr'><strong><em>ὡς</em></strong></span> <span class='ocrx_word' id='word_1_102' title='bbox 311 1509 376 1593; x_wconf 77' lang='grc' dir='ltr'><strong><em>ἄρα</em></strong></span> <span class='ocrx_word' id='word_1_103' title='bbox 395 1508 412 1572; x_wconf 93' lang='lat'>6</span> <span class='ocrx_word' id='word_1_104' title='bbox 432 1511 571 1572; x_wconf 85' lang='grc' dir='ltr'><em>ΑΗΓΛ</em></span> <span class='ocrx_word' id='word_1_105' title='bbox 590 1519 696 1585; x_wconf 89' lang='grc' dir='ltr'><strong><em>κῶνος</em></strong></span> <span class='ocrx_word' id='word_1_106' title='bbox 713 1510 797 1594; x_wconf 81' lang='grc' dir='ltr'><strong><em>πρὸς</em></strong></span> <span class='ocrx_word' id='word_1_107' title='bbox 814 1510 873 1573; x_wconf 91' lang='grc' dir='ltr'><strong><em>τὸν</em></strong></span> <span class='ocrx_word' id='word_1_108' title='bbox 893 1513 920 1573; x_wconf 88' lang='grc' dir='ltr'><strong><em>Β</em></strong></span> <span class='ocrx_word' id='word_1_109' title='bbox 928 1513 1039 1593; x_wconf 80' lang='grc' dir='ltr'><em>ΘΕΖ,</em></span> <span class='ocrx_word' id='word_1_110' title='bbox 1061 1509 1168 1586; x_wconf 78' lang='grc' dir='ltr'><strong><em>οὕτως</em></strong></span> 
     </span>
     <span class='ocr_line' id='line_1_13' title="bbox 155 1621 998 1711; baseline 0 -22"><span class='ocrx_word' id='word_1_111' title='bbox 155 1624 173 1689; x_wconf 91' lang='lat'>6</span> <span class='ocrx_word' id='word_1_112' title='bbox 197 1627 263 1688; x_wconf 84' lang='grc' dir='ltr'><strong><em>ΒΘ</em></strong></span> <span class='ocrx_word' id='word_1_113' title='bbox 286 1621 375 1702; x_wconf 77' lang='grc' dir='ltr'><strong><em>ἄξιον</em></strong></span> <span class='ocrx_word' id='word_1_114' title='bbox 396 1624 480 1710; x_wconf 76' lang='grc' dir='ltr'><strong><em>πρὸς</em></strong></span> <span class='ocrx_word' id='word_1_115' title='bbox 502 1625 561 1688; x_wconf 92' lang='grc' dir='ltr'><strong><em>τὸν</em></strong></span> <span class='ocrx_word' id='word_1_116' title='bbox 584 1628 668 1689; x_wconf 85' lang='grc' dir='ltr'><strong><em>ΑΗ·</em></strong></span> <span class='ocrx_word' id='word_1_117' title='bbox 692 1625 771 1711; x_wconf 76' lang='grc' dir='ltr'><strong><em>ὅπερ</em></strong></span> <span class='ocrx_word' id='word_1_118' title='bbox 796 1626 861 1690; x_wconf 80' lang='grc' dir='ltr'><strong><em>ἔδει</em></strong></span> <span class='ocrx_word' id='word_1_119' title='bbox 885 1623 998 1702; x_wconf 80' lang='grc' dir='ltr'><strong><em>δεῖξαι.</em></strong></span> 
     </span>
    </p>
   </div>
   <div class='ocr_carea' id='block_1_3' title="bbox 101 2049 1167 3058">
    <p class='ocr_par' dir='ltr' id='par_1_5' title="bbox 101 2049 1167 3058">
     <span class='ocr_line' id='line_1_14' title="bbox 229 2049 1167 2140; baseline 0.001 -27"><span class='ocrx_word' id='word_1_120' title='bbox 229 2053 303 2114; x_wconf 88' lang='grc' dir='ltr'><strong><em>Τῶν</em></strong></span> <span class='ocrx_word' id='word_1_121' title='bbox 336 2049 630 2140; x_wconf 74' lang='grc' dir='ltr'><strong><em>ἀντιπεπονῶοτων</em></strong></span> <span class='ocrx_word' id='word_1_122' title='bbox 663 2051 779 2136; x_wconf 76' lang='grc' dir='ltr'><strong><em>ὀρθῶν</em></strong></span> <span class='ocrx_word' id='word_1_123' title='bbox 808 2051 926 2115; x_wconf 83' lang='grc' dir='ltr'><strong><em>κώνιον</em></strong></span> <span class='ocrx_word' id='word_1_124' title='bbox 952 2060 1024 2124; x_wconf 81' lang='grc' dir='ltr'><strong><em>ταῖς</em></strong></span> <span class='ocrx_word' id='word_1_125' title='bbox 1051 2049 1167 2132; x_wconf 82' lang='grc' dir='ltr'><strong><em>βάσεσι</em></strong></span> 
     </span>
     <span class='ocr_line' id='line_1_15' title="bbox 103 2161 1165 2250; baseline 0.001 -23"><span class='ocrx_word' id='word_1_126' title='bbox 103 2177 135 2226; x_wconf 77' lang='lat'><strong><em>15</em></strong></span> <span class='ocrx_word' id='word_1_127' title='bbox 155 2165 195 2229; x_wconf 78' lang='grc' dir='ltr'><strong><em>τὰ</em></strong></span> <span class='ocrx_word' id='word_1_128' title='bbox 218 2166 275 2229; x_wconf 81' lang='grc' dir='ltr'><strong><em>διὰ</em></strong></span> <span class='ocrx_word' id='word_1_129' title='bbox 297 2175 364 2229; x_wconf 90' lang='grc' dir='ltr'><strong><em>τῶν</em></strong></span> <span class='ocrx_word' id='word_1_130' title='bbox 388 2161 516 2240; x_wconf 83' lang='grc' dir='ltr'><strong><em>ἀξόνων</em></strong></span> <span class='ocrx_word' id='word_1_131' title='bbox 538 2168 684 2250; x_wconf 78' lang='grc' dir='ltr'><strong><em>τρίγωνα</em></strong></span> <span class='ocrx_word' id='word_1_132' title='bbox 704 2166 787 2250; x_wconf 81' lang='grc' dir='ltr'><strong><em>πρὸς</em></strong></span> <span class='ocrx_word' id='word_1_133' title='bbox 805 2167 929 2247; x_wconf 76' lang='grc' dir='ltr'><strong><em>ἄλληλα</em></strong></span> <span class='ocrx_word' id='word_1_134' title='bbox 948 2167 1165 2249; x_wconf 73' lang='grc' dir='ltr'><strong><em>τριπλασίονα</em></strong></span> 
     </span>
     <span class='ocr_line' id='line_1_16' title="bbox 154 2277 1163 2366; baseline -0.003 -20"><span class='ocrx_word' id='word_1_135' title='bbox 154 2284 254 2364; x_wconf 79' lang='grc' dir='ltr'><strong><em>λόγον</em></strong></span> <span class='ocrx_word' id='word_1_136' title='bbox 296 2282 359 2364; x_wconf 81' lang='grc' dir='ltr'><strong><em>ἔχει</em></strong></span> <span class='ocrx_word' id='word_1_137' title='bbox 400 2280 482 2366; x_wconf 72' lang='grc' dir='ltr'><em>ἤπερ</em></span> <span class='ocrx_word' id='word_1_138' title='bbox 523 2279 543 2362; x_wconf 80' lang='grc' dir='ltr'><em>ἡ</em></span> <span class='ocrx_word' id='word_1_139' title='bbox 585 2280 681 2364; x_wconf 78' lang='grc' dir='ltr'><strong><em>βασις</em></strong></span> <span class='ocrx_word' id='word_1_140' title='bbox 721 2281 804 2364; x_wconf 81' lang='grc' dir='ltr'><strong><em>πρὸς</em></strong></span> <span class='ocrx_word' id='word_1_141' title='bbox 839 2281 900 2364; x_wconf 73' lang='grc' dir='ltr'><strong><em>τὴν</em></strong></span> <span class='ocrx_word' id='word_1_142' title='bbox 935 2279 1034 2364; x_wconf 79' lang='grc' dir='ltr'><strong><em>βάσιν</em></strong></span> <span class='ocrx_word' id='word_1_143' title='bbox 1071 2277 1163 2344; x_wconf 85' lang='grc' dir='ltr'><strong><em>ἀντι-</em></strong></span> 
     </span>
     <span class='ocr_line' id='line_1_17' title="bbox 153 2399 1069 2484; baseline -0.011 -22"><span class='ocrx_word' id='word_1_144' title='bbox 153 2399 375 2473; x_wconf 78' lang='grc' dir='ltr'><strong><em>πεπονθότως.</em></strong></span> <span class='ocrx_word' id='word_1_145' title='bbox 771 2479 773 2484; x_wconf 68' lang='lat'>,</span> <span class='ocrx_word' id='word_1_146' title='bbox 1066 2419 1069 2426; x_wconf 46' lang='lat'>¹</span> 
     </span>
     <span class='ocr_line' id='line_1_18' title="bbox 222 2508 1163 2596; baseline -0.003 -19"><span class='ocrx_word' id='word_1_147' title='bbox 222 2512 553 2596; x_wconf 75' lang='grc' dir='ltr'><strong><em>καταγεγραφθῶσαν</em></strong></span> <span class='ocrx_word' id='word_1_148' title='bbox 595 2513 630 2577; x_wconf 75' lang='grc' dir='ltr'><strong><em>οἱ</em></strong></span> <span class='ocrx_word' id='word_1_149' title='bbox 667 2522 783 2596; x_wconf 88' lang='grc' dir='ltr'><strong><em>κῶνοι,</em></strong></span> <span class='ocrx_word' id='word_1_150' title='bbox 826 2508 881 2575; x_wconf 81' lang='grc' dir='ltr'><strong><em>καὶ</em></strong></span> <span class='ocrx_word' id='word_1_151' title='bbox 922 2513 1019 2592; x_wconf 78' lang='grc' dir='ltr'><strong><em>ἔστιν,</em></strong></span> <span class='ocrx_word' id='word_1_152' title='bbox 1060 2509 1104 2585; x_wconf 81' lang='grc' dir='ltr'><strong><em>ὡς</em></strong></span> <span class='ocrx_word' id='word_1_153' title='bbox 1145 2510 1163 2575; x_wconf 93' lang='lat'>6</span> 
     </span>
     <span class='ocr_line' id='line_1_19' title="bbox 154 2625 1163 2714; baseline -0.004 -21"><span class='ocrx_word' id='word_1_154' title='bbox 154 2633 292 2694; x_wconf 85' lang='grc' dir='ltr'><em>ΑΗΓΔ</em></span> <span class='ocrx_word' id='word_1_155' title='bbox 319 2639 425 2704; x_wconf 91' lang='grc' dir='ltr'><strong><em>κῶνος</em></strong></span> <span class='ocrx_word' id='word_1_156' title='bbox 451 2629 534 2714; x_wconf 81' lang='grc' dir='ltr'><strong><em>πρὸς</em></strong></span> <span class='ocrx_word' id='word_1_157' title='bbox 561 2629 620 2693; x_wconf 92' lang='grc' dir='ltr'><strong><em>τὸν</em></strong></span> <span class='ocrx_word' id='word_1_158' title='bbox 649 2633 677 2692; x_wconf 92' lang='grc' dir='ltr'>Β</span> <span class='ocrx_word' id='word_1_159' title='bbox 686 2632 796 2711; x_wconf 84' lang='grc' dir='ltr'><em>ΘΕΖ,</em></span> <span class='ocrx_word' id='word_1_160' title='bbox 829 2626 934 2702; x_wconf 80' lang='grc' dir='ltr'><strong><em>οὕτως</em></strong></span> <span class='ocrx_word' id='word_1_161' title='bbox 961 2625 981 2708; x_wconf 74' lang='grc' dir='ltr'><em>ἡ</em></span> <span class='ocrx_word' id='word_1_162' title='bbox 1012 2629 1040 2689; x_wconf 82' lang='grc' dir='ltr'>Θ</span> <span class='ocrx_word' id='word_1_163' title='bbox 1067 2625 1163 2708; x_wconf 80' lang='grc' dir='ltr'><strong><em>βάσις</em></strong></span> 
     </span>
     <span class='ocr_line' id='line_1_20' title="bbox 101 2742 1163 2829; baseline -0.002 -22"><span class='ocrx_word' id='word_1_164' title='bbox 101 2756 135 2802; x_wconf 77' lang='lat'><strong><em>20</em></strong></span> <span class='ocrx_word' id='word_1_165' title='bbox 153 2745 236 2829; x_wconf 80' lang='grc' dir='ltr'><strong><em>πρὸς</em></strong></span> <span class='ocrx_word' id='word_1_166' title='bbox 258 2745 319 2828; x_wconf 75' lang='grc' dir='ltr'><strong><em>τὴν</em></strong></span> <span class='ocrx_word' id='word_1_167' title='bbox 337 2747 376 2807; x_wconf 92' lang='grc' dir='ltr'><strong><em>Η</em></strong></span> <span class='ocrx_word' id='word_1_168' title='bbox 394 2743 502 2828; x_wconf 80' lang='grc' dir='ltr'><strong><em>βάσιν.</em></strong></span> <span class='ocrx_word' id='word_1_169' title='bbox 540 2743 634 2827; x_wconf 75' lang='grc' dir='ltr'><em>λέγω,</em></span> <span class='ocrx_word' id='word_1_170' title='bbox 657 2744 707 2808; x_wconf 82' lang='grc' dir='ltr'><strong><em>ὅτι</em></strong></span> <span class='ocrx_word' id='word_1_171' title='bbox 726 2743 762 2808; x_wconf 93' lang='grc' dir='ltr'><strong><em>τὸ</em></strong></span> <span class='ocrx_word' id='word_1_172' title='bbox 778 2746 876 2806; x_wconf 88' lang='grc' dir='ltr'><strong><em>ΑΓΔ</em></strong></span> <span class='ocrx_word' id='word_1_173' title='bbox 897 2744 1060 2827; x_wconf 82' lang='grc' dir='ltr'><strong><em>τρίγωνον</em></strong></span> <span class='ocrx_word' id='word_1_174' title='bbox 1079 2742 1163 2826; x_wconf 81' lang='grc' dir='ltr'><strong><em>πρὸς</em></strong></span> 
     </span>
     <span class='ocr_line' id='line_1_21' title="bbox 153 2856 1164 2945; baseline -0.004 -22"><span class='ocrx_word' id='word_1_175' title='bbox 153 2860 190 2923; x_wconf 91' lang='grc' dir='ltr'><strong><em>τὸ</em></strong></span> <span class='ocrx_word' id='word_1_176' title='bbox 219 2864 316 2924; x_wconf 91' lang='grc' dir='ltr'><strong><em>ΒΕΖ</em></strong></span> <span class='ocrx_word' id='word_1_177' title='bbox 347 2862 564 2945; x_wconf 79' lang='grc' dir='ltr'><strong><em>τριπλασίονα</em></strong></span> <span class='ocrx_word' id='word_1_178' title='bbox 596 2861 697 2941; x_wconf 77' lang='grc' dir='ltr'><strong><em>λόγον</em></strong></span> <span class='ocrx_word' id='word_1_179' title='bbox 728 2861 793 2941; x_wconf 77' lang='grc' dir='ltr'><strong><em>ἔχει</em></strong></span> <span class='ocrx_word' id='word_1_180' title='bbox 825 2859 906 2941; x_wconf 67' lang='grc' dir='ltr'><strong><em>ἤπερ</em></strong></span> <span class='ocrx_word' id='word_1_181' title='bbox 939 2856 959 2939; x_wconf 74' lang='grc' dir='ltr'><em>ἡ</em></span> <span class='ocrx_word' id='word_1_182' title='bbox 987 2861 1050 2920; x_wconf 90' lang='grc' dir='ltr'><strong><em>ΕΖ</em></strong></span> <span class='ocrx_word' id='word_1_183' title='bbox 1079 2857 1164 2941; x_wconf 80' lang='grc' dir='ltr'><strong><em>πρὸς</em></strong></span> 
     </span>
     <span class='ocr_line' id='line_1_22' title="bbox 106 2975 306 3058; baseline 0.005 -20"><span class='ocrx_word' id='word_1_184' title='bbox 106 3003 110 3010; x_wconf 95' lang='grc'><em>·</em></span> <span class='ocrx_word' id='word_1_185' title='bbox 153 2975 214 3058; x_wconf 74' lang='grc' dir='ltr'><strong><em>τὴν</em></strong></span> <span class='ocrx_word' id='word_1_186' title='bbox 238 2978 306 3039; x_wconf 86' lang='grc' dir='ltr'><strong><em>ΓΛ.</em></strong></span> 
     </span>
    </p>
   </div>
   <div class='ocr_carea' id='block_1_4' title="bbox 152 3127 365 3135">
    <p class='ocr_par' dir='ltr' id='par_1_6' title="bbox 152 3127 365 3135">
     <span class='ocr_line' id='line_1_23' title="bbox 152 3127 365 3135; baseline 0 -1"><span class='ocrx_word' id='word_1_187' title='bbox 152 3127 365 3135; x_wconf 42' lang='grc' dir='ltr'>...α’-...-</span> 
     </span>
    </p>
   </div>
   <div class='ocr_carea' id='block_1_5' title="bbox 152 3208 1162 3636">
    <p class='ocr_par' dir='ltr' id='par_1_7' title="bbox 189 3208 1162 3478">
     <span class='ocr_line' id='line_1_24' title="bbox 225 3208 1160 3281; baseline -0.004 -17"><span class='ocrx_word' id='word_1_188' title='bbox 225 3217 248 3266; x_wconf 84' lang='grc'><strong><em>3.</em></strong></span> <span class='ocrx_word' id='word_1_189' title='bbox 273 3215 350 3266; x_wconf 83' lang='grc' dir='ltr'><strong><em>ΑΓΔ</em></strong></span> <span class='ocrx_word' id='word_1_190' title='bbox 391 3209 626 3281; x_wconf 74' lang='grc' dir='ltr'><strong><em>ΒΕΖτρίνωνον</em></strong></span> <span class='ocrx_word' id='word_1_191' title='bbox 648 3229 675 3280; x_wconf 84' lang='lat' dir='ltr'><strong><em>p.</em></strong></span> <span class='ocrx_word' id='word_1_192' title='bbox 767 3217 791 3266; x_wconf 80' lang='lat'><strong><em>5.</em></strong></span> <span class='ocrx_word' id='word_1_193' title='bbox 815 3210 912 3280; x_wconf 83' lang='grc' dir='ltr'><em>ΒΕΖ]</em></span> <span class='ocrx_word' id='word_1_194' title='bbox 930 3208 992 3278; x_wconf 81' lang='lat' dir='ltr'><strong><em>Vp,</em></strong></span> <span class='ocrx_word' id='word_1_195' title='bbox 1021 3210 1112 3260; x_wconf 88' lang='lat' dir='ltr'><strong><em>MEZ</em></strong></span> <span class='ocrx_word' id='word_1_196' title='bbox 1134 3225 1160 3261; x_wconf 86' lang='lat' dir='ltr'><strong><em>v.</em></strong></span> 
     </span>
     <span class='ocr_line' id='line_1_25' title="bbox 189 3277 1160 3353; baseline -0.003 -17"><span class='ocrx_word' id='word_1_197' title='bbox 189 3281 355 3353; x_wconf 73' lang='lat' dir='ltr'>KEZ(alt.)</span> <span class='ocrx_word' id='word_1_198' title='bbox 386 3283 417 3338; x_wconf 88' lang='grc' dir='ltr'><strong><em>τὸ</em></strong></span> <span class='ocrx_word' id='word_1_199' title='bbox 437 3286 521 3337; x_wconf 89' lang='grc' dir='ltr'><strong><em>ΚΕΖ</em></strong></span> <span class='ocrx_word' id='word_1_200' title='bbox 539 3301 566 3352; x_wconf 90' lang='lat' dir='ltr'><strong><em>p.</em></strong></span> <span class='ocrx_word' id='word_1_201' title='bbox 622 3287 646 3337; x_wconf 86' lang='grc'><strong><em>6.</em></strong></span> <span class='ocrx_word' id='word_1_202' title='bbox 666 3281 793 3352; x_wconf 86' lang='grc' dir='ltr'><em>ΚΘΕΖ]</em></span> <span class='ocrx_word' id='word_1_203' title='bbox 812 3299 838 3349; x_wconf 85' lang='lat' dir='ltr'><strong><em>v,</em></strong></span> <span class='ocrx_word' id='word_1_204' title='bbox 858 3282 974 3334; x_wconf 80' lang='grc' dir='ltr'><em>ΚΘΕΖ</em></span> <span class='ocrx_word' id='word_1_205' title='bbox 992 3287 1084 3333; x_wconf 88' lang='grc' dir='ltr'><strong><em>κῶνον</em></strong></span> <span class='ocrx_word' id='word_1_206' title='bbox 1102 3277 1160 3347; x_wconf 87' lang='lat' dir='ltr'><strong><em>Vp.</em></strong></span> 
     </span>
     <span class='ocr_line' id='line_1_26' title="bbox 190 3349 1162 3478; baseline -0.003 -72"><span class='ocrx_word' id='word_1_207' title='bbox 190 3352 634 3478; x_wconf 50' lang='grc' dir='ltr'><strong><em>10.ΘΚῖιτ.)]τ,τὴνΘΚΚέι.</em></strong></span> <span class='ocrx_word' id='word_1_208' title='bbox 692 3357 733 3406; x_wconf 86' lang='grc'><strong><em>11.</em></strong></span> <span class='ocrx_word' id='word_1_209' title='bbox 749 3351 805 3422; x_wconf 72' lang='grc' dir='ltr'><strong><em>ἴση]</em></strong></span> <span class='ocrx_word' id='word_1_210' title='bbox 819 3369 846 3420; x_wconf 84' lang='lat' dir='ltr'><strong><em>v,</em></strong></span> <span class='ocrx_word' id='word_1_211' title='bbox 862 3349 906 3420; x_wconf 81' lang='grc' dir='ltr'><strong><em>ἴση</em></strong></span> <span class='ocrx_word' id='word_1_212' title='bbox 922 3350 995 3404; x_wconf 79' lang='grc' dir='ltr'><strong><em>ἐστίν</em></strong></span> <span class='ocrx_word' id='word_1_213' title='bbox 1008 3349 1065 3418; x_wconf 85' lang='lat' dir='ltr'><strong><em>Vp.</em></strong></span> <span class='ocrx_word' id='word_1_214' title='bbox 1120 3354 1162 3404; x_wconf 81' lang='grc'><strong><em>12.</em></strong></span> 
     </span>
    </p>

    <p class='ocr_par' dir='ltr' id='par_1_8' title="bbox 152 3419 1152 3636">
     <span class='ocr_line' id='line_1_27' title="bbox 152 3419 1152 3498; baseline 0.001 -21"><span class='ocrx_word' id='word_1_215' title='bbox 152 3425 224 3495; x_wconf 82' lang='grc' dir='ltr'><strong><em>ΑΗ]</em></strong></span> <span class='ocrx_word' id='word_1_216' title='bbox 242 3429 300 3478; x_wconf 82' lang='grc' dir='ltr'><strong><em>ΛΗ</em></strong></span> <span class='ocrx_word' id='word_1_217' title='bbox 337 3425 407 3490; x_wconf 79' lang='grc' dir='ltr'><strong><em>ξονα</em></strong></span> <span class='ocrx_word' id='word_1_218' title='bbox 424 3425 457 3479; x_wconf 93' lang='lat' dir='ltr'><strong><em>V.</em></strong></span> <span class='ocrx_word' id='word_1_219' title='bbox 518 3422 584 3492; x_wconf 76' lang='grc' dir='ltr'><strong><em>ὅπερ</em></strong></span> <span class='ocrx_word' id='word_1_220' title='bbox 618 3425 662 3478; x_wconf 66' lang='lat' dir='ltr'><strong><em>&amp;a</em></strong></span> <span class='ocrx_word' id='word_1_221' title='bbox 681 3423 782 3494; x_wconf 80' lang='grc' dir='ltr'><strong><em>δεῖξαι]</em></strong></span> <span class='ocrx_word' id='word_1_222' title='bbox 800 3440 827 3491; x_wconf 86' lang='lat' dir='ltr'><strong><em>v,</em></strong></span> <span class='ocrx_word' id='word_1_223' title='bbox 847 3438 899 3476; x_wconf 87' lang='lat' dir='ltr'><strong><em>om.</em></strong></span> <span class='ocrx_word' id='word_1_224' title='bbox 919 3422 975 3490; x_wconf 87' lang='lat' dir='ltr'><strong><em>Vp.</em></strong></span> <span class='ocrx_word' id='word_1_225' title='bbox 1041 3425 1081 3475; x_wconf 80' lang='lat'><strong><em>13.</em></strong></span> <span class='ocrx_word' id='word_1_226' title='bbox 1101 3419 1152 3498; x_wconf 39' lang='grc' dir='ltr'><strong><em>ξς(</em></strong></span> 
     </span>
     <span class='ocr_line' id='line_1_28' title="bbox 153 3492 1144 3567; baseline -0.003 -20"><span class='ocrx_word' id='word_1_227' title='bbox 153 3511 206 3548; x_wconf 88' lang='lat' dir='ltr'><strong><em>om.</em></strong></span> <span class='ocrx_word' id='word_1_228' title='bbox 226 3495 282 3564; x_wconf 84' lang='lat' dir='ltr'><strong><em>Vv,</em></strong></span> <span class='ocrx_word' id='word_1_229' title='bbox 306 3496 351 3560; x_wconf 79' lang='grc' dir='ltr'><strong><em>ξδ’</em></strong></span> <span class='ocrx_word' id='word_1_230' title='bbox 366 3515 398 3567; x_wconf 84' lang='lat' dir='ltr'><strong><em>p,</em></strong></span> <span class='ocrx_word' id='word_1_231' title='bbox 423 3495 466 3566; x_wconf 64' lang='grc' dir='ltr'><strong><em>ἐφ’</em></strong></span> <span class='ocrx_word' id='word_1_232' title='bbox 482 3513 518 3550; x_wconf 87' lang='lat' dir='ltr'><strong><em>m.</em></strong></span> <span class='ocrx_word' id='word_1_233' title='bbox 537 3511 591 3550; x_wconf 86' lang='lat' dir='ltr'>rec.</span> <span class='ocrx_word' id='word_1_234' title='bbox 610 3513 637 3564; x_wconf 85' lang='lat' dir='ltr'><strong><em>v,</em></strong></span> <span class='ocrx_word' id='word_1_235' title='bbox 661 3495 701 3560; x_wconf 83' lang='grc' dir='ltr'><strong><em>ξε’</em></strong></span> <span class='ocrx_word' id='word_1_236' title='bbox 716 3513 752 3549; x_wconf 87' lang='lat' dir='ltr'><strong><em>m.</em></strong></span> <span class='ocrx_word' id='word_1_237' title='bbox 771 3510 825 3548; x_wconf 83' lang='lat' dir='ltr'><strong>rec.</strong></span> <span class='ocrx_word' id='word_1_238' title='bbox 844 3493 878 3548; x_wconf 92' lang='lat' dir='ltr'><strong><em>V.</em></strong></span> <span class='ocrx_word' id='word_1_239' title='bbox 969 3495 1010 3545; x_wconf 86' lang='lat'><strong><em>19.</em></strong></span> <span class='ocrx_word' id='word_1_240' title='bbox 1031 3492 1144 3545; x_wconf 85' lang='grc' dir='ltr'><em>ΒΘΕΖ</em></span> 
     </span>
     <span class='ocr_line' id='line_1_29' title="bbox 153 3567 420 3636; baseline 0.019 -19"><span class='ocrx_word' id='word_1_241' title='bbox 153 3567 376 3620; x_wconf 85' lang='grc' dir='ltr'><strong><em>ΒΘΕΖκῶνον</em></strong></span> <span class='ocrx_word' id='word_1_242' title='bbox 394 3586 420 3636; x_wconf 91' lang='lat' dir='ltr'><strong><em>p.</em></strong></span> 
     </span>
    </p>
   </div>
   <div class='ocr_carea' id='block_1_6' title="bbox 0 0 1306 3880">
    <p class='ocr_par' dir='ltr' id='par_1_9' title="bbox 0 0 1306 3880">
     <span class='ocr_line' id='line_1_30' title="bbox 0 0 1306 3880; baseline 0 3"><span class='ocrx_word' id='word_1_243' title='bbox 0 0 1306 3880; x_wconf 95' lang='lat' dir='ltr'><strong><em> </em></strong></span> 
     </span>
    </p>
   </div>
  </div>
 </body>
</html>
