2594 3878
124 190 187 252 130
437 191 524 241 nm
542 189 670 240 mor
688 189 824 240 ΤοΜΗΣ.

120 341 185 399 εἴτε
203 335 259 398 διὰ
277 343 338 398 τοῦ
356 332 495 419 κέντρου
515 329 599 398 οὖσα
618 339 682 397 εἴτε
699 334 753 416 μή.
790 330 885 413 λέγω,
908 331 959 395 ὅτι
978 332 1015 394 τὸ
1032 334 1136 394 ΑΓΔ

120 451 180 505 τοῦ
203 445 308 505 ΑΖΔ
331 443 440 524 μεῖζόν
463 440 562 506 ἐστιν.

186 549 346 631 ἤχθωσαν
373 546 426 612 ἐπὶ
453 549 511 623 τὰς
535 551 610 629 ΖΔ,
634 549 695 611 ΓΔ
721 545 857 609 κάθετοι
885 545 923 608 αἱ
947 548 1024 627 AB,
1048 549 1134 628 ΑΗ,

120 652 173 719 ἐπὶ
196 651 233 719 δὲ
251 657 312 738 τὴν
331 661 395 719 AA
418 653 438 736 ἡ
458 658 532 718 ΒΘ.
565 651 633 717 ἐπεὶ
652 648 714 718 οὖν
732 653 753 735 ἡ
773 654 833 716 ΓΔ
855 660 913 734 τῆς
933 655 994 716 ZA
1012 655 1134 735 μείζων

84 761 203 844 οέστί,
231 761 286 826 καὶ
313 761 333 844 ἡ
361 762 492 846 ἡμίσεια
520 762 584 846 ἄρα
609 759 629 842 ἡ
654 763 721 823 BA
748 767 805 842 τῆς
827 761 904 823 ΔΗ
927 761 1058 842 μειζων·
1091 761 1133 824 τὸ

119 868 183 933 ἀπὸ
207 873 274 933 ΒΔ
302 871 366 954 ἄρα
393 877 453 933 τοῦ
482 867 545 932 ἀπὸ
568 870 646 932 ΔΗ
668 868 778 950 μεῖζόν
801 864 879 930 ἐστι.
925 867 1042 929 λοιπὸν
1065 867 1133 949 ἄρα

117 977 155 1040 τὸ
178 975 242 1041 ἀπὸ
262 981 324 1040 BA
347 981 465 1041 λοιιιοῦ
488 984 548 1039 τοῦ
571 973 636 1038 ἀπὸ
655 977 732 1038 ΑΗ
750 975 885 1036 ἔλαττόν
903 969 985 1035 ἐστι·
1009 973 1047 1035 τὸ
1065 973 1132 1056 ἄρα

117 1083 181 1148 ἀπὸ
206 1088 272 1148 ΑΒ
299 1084 383 1167 πρὸς
405 1083 442 1147 τὸ
466 1081 530 1146 ἆτιὸ
554 1086 621 1145 BA
649 1081 806 1146 ἐλάττονα
834 1084 935 1163 λόγον
958 1084 1022 1165 ἔχει
1045 1084 1131 1165 ἥπερ

116 1192 154 1255 τὸ
178 1191 242 1256 ἀπὸ
266 1195 343 1256 ΑΗ
365 1192 448 1275 πρὸς
470 1190 507 1254 τὸ
531 1187 595 1253 ἀπὸ
618 1190 699 1252 HA.
749 1186 822 1252 ἀλλ’
844 1188 889 1265 ὡς
913 1189 951 1253 τὸ
974 1187 1038 1253 ἀπὸ
1062 1193 1130 1253 AB

65 1313 98 1361 10
116 1299 200 1384 πρὸς
222 1299 259 1362 τὸ
283 1297 346 1362 ἀπὸ
371 1301 448 1380 BA,
471 1295 577 1372 οὕτως
598 1294 619 1377 ἡ
643 1299 712 1359 ΑΘ
733 1297 817 1382 πρὸς
841 1299 915 1360 ΘΔ·
939 1293 994 1359 καὶ
1017 1295 1037 1382 ἡ
1061 1301 1132 1360 ΑΘ

116 1407 180 1488 ἄρα
203 1405 286 1488 πρὸς
312 1408 374 1467 ΘΔ
400 1403 557 1468 ἐλάττονα
584 1405 686 1486 λόγον
714 1405 778 1485 ἔχει
801 1403 884 1488 ἥπερ
907 1404 944 1467 τὸ
968 1403 1032 1467 ἀπὸ
1056 1408 1137 1468 ΑΗ

115 1512 198 1593 πρὸς
221 1511 257 1574 τὸ
282 1509 345 1574 ἀπὸ
369 1513 450 1573 HA.
492 1508 651 1593 γενέσθω,
675 1509 720 1586 ὡς
742 1510 779 1573 τὸ
803 1508 866 1574 ἀπὸ
890 1513 967 1574 ΑΗ
984 1512 1068 1596 πρὸς
1090 1513 1130 1576 τὸ

116 1616 180 1681 ἀπὸ
204 1620 292 1698 ΗΔ,
320 1615 425 1692 οὕτως
452 1615 472 1698 ἡ
496 1619 568 1680 ΑΚ
591 1617 675 1702 πρὸς
702 1619 785 1699 KA,
812 1614 867 1680 καὶ
894 1615 1078 1702 ἐπεζεύχθω
1107 1619 1130 1703 ἡ

115 1727 203 1788 ΗΚ·
236 1723 376 1800 κάθετος
403 1724 467 1808 ἄρα
493 1720 562 1787 ἐστὶ
588 1721 644 1787 καὶ
666 1721 687 1805 ἡ
710 1725 785 1786 ΗΚ
810 1721 863 1787 ἐπὶ
886 1725 947 1807 τὴν
970 1730 1054 1808 AA,
1082 1725 1130 1801 ὡς

62 1846 95 1893 15
115 1832 333 1916 δειχθήσεται.

180 1937 236 2002 καὶ
264 1936 332 2003 ἐπεὶ
359 1938 530 2003 ὑπόκειται
557 1937 577 2020 ἡ
605 1942 671 2001 ΑΒ
699 1946 757 2020 τῆς
784 1940 852 2002 BA
885 1937 945 2002 οὐκ
973 1937 1129 2022 ἐλάττων,

113 2046 186 2127 ἥτοι
214 2048 332 2128 μείζων
361 2043 450 2109 ἐστὶν
473 2044 493 2126 ἡ
517 2048 581 2108 AB
610 2053 667 2126 τῆς
690 2047 758 2107 BA
785 2042 805 2125 ἢ
830 2049 893 2126 ἴση.
940 2047 1022 2109 ἔστω
1046 2049 1127 2130 πρό-

112 2174 210 2236 τερον
228 2154 358 2235 μείζων·
378 2154 496 2235 μείζων
510 2152 574 2235 ἄρα
589 2149 645 2214 καὶ
658 2149 679 2233 ἡ
694 2158 726 2214 A
734 2155 763 2214 Θ
780 2159 838 2233 τῆς
854 2155 923 2215 ΘΔ.
952 2153 1127 2236 τετμήσθω

112 2257 218 2340 ἡΑΔ
241 2258 317 2341 δίχα
336 2257 418 2321 κατὰ
441 2258 478 2321 τὸ
498 2261 537 2320 A.
575 2255 644 2321 ἐπεὶ
663 2253 725 2322 οὖν
745 2258 783 2321 τὸ
801 2253 862 2341 μὲν
879 2257 945 2321 ὑπὸ
965 2263 997 2322 Α
1005 2263 1043 2342 Θ,
1065 2264 1127 2324 ΘΔ

59 2378 93 2425 20
112 2374 172 2429 τοῦ
201 2363 265 2429 ἀπὸ
293 2369 361 2429 AA
389 2367 524 2429 ἔλαττόν
552 2363 621 2428 ἐστι
648 2373 694 2450 τῷ
723 2362 786 2428 ἀπὸ
816 2367 896 2446 ΛΘ,
929 2366 966 2428 τὸ
995 2362 1032 2429 δὲ
1059 2365 1125 2431 ὑπὸ

112 2475 192 2555 ΑΚ,
211 2475 280 2536 ΚΔ
303 2481 362 2538 τοῦ
387 2471 450 2536 ἀπὸ
474 2475 542 2535 AA
565 2473 701 2535 ἔλαττόν
724 2470 861 2559 ἐστιτῷ
885 2471 949 2535 ἀπὸ
969 2475 1047 2555 ΑΚ,
1070 2476 1130 2537 καί

112 2579 181 2644 ἐστι
204 2583 314 2663 μεῖζον
342 2581 379 2644 τὸ
404 2579 467 2643 ἀπὸ
491 2581 562 2645 ΛΚ
586 2587 646 2642 τοῦ
670 2577 733 2641 ἀπὸ
758 2581 838 2660 ΑΘ,
865 2581 976 2661 μεῖζον
999 2581 1063 2664 ἄρα
1086 2581 1124 2644 τὸ

110 2686 176 2750 ὑπὸ
196 2692 228 2750 Α
235 2691 273 2770 Θ,
290 2691 360 2770 ΘΔ,
384 2684 532 2750 τουτέστι
551 2686 587 2749 τὸ
608 2683 671 2749 ἀπὸ
691 2687 766 2765 ΒΘ,
787 2693 846 2747 τοῦ
865 2685 929 2749 ὑπὸ
949 2691 982 2749 A
988 2689 1029 2768 K,
1044 2689 1125 2770 ΚΔ,

111 2791 259 2856 τουτέστι
286 2801 347 2856 τοῦ
375 2791 438 2856 ἀπὸ
466 2795 551 2855 ΗΚ·
584 2791 604 2876 ἡ
634 2794 696 2854 ΘΒ
725 2792 789 2874 ἄρα
816 2794 934 2874 μείζων
961 2801 1019 2875 τῆς
1042 2797 1124 2858 ΗΚ.

58 2909 91 2956 25
110 2902 168 2962 καί
184 2900 269 2962 εἰσιν
288 2899 325 2961 αἱ
341 2902 415 2975 ΒΘ,
430 2901 505 2961 ΗΚ
518 2898 587 2980 ὕψη
606 2907 674 2962 τῶν
688 2901 796 2978 ΑΒΔ,
811 2901 917 2962 ΑΗΔ
934 2901 1124 2984 τριγώνων·

110 3006 220 3088 μεῖζον
239 3005 358 3088 ἄρατὸ
378 3009 482 3068 ΑΒΔ
500 3013 559 3068 τοῦ
574 3007 697 3068 ΑΗΔ·
722 3004 803 3067 ὥστε
822 3001 876 3067 καὶ
895 3006 935 3068 τὰ
951 3007 1122 3072 διπλάσιοι·

181 3274 204 3322 2.
229 3275 331 3321 τοῦ-
352 3264 397 3319 ἐστ
382 3267 438 3336 τιν]
462 3266 554 3334 μεῖζόν
578 3267 634 3321 ἐστι
624 3276 706 3321 ιτοῦ
726 3271 807 3321 ΑΖΔ
830 3270 868 3337 (Ζ
887 3284 955 3323 corr.
976 3285 1010 3323 ex
1031 3275 1071 3342 Γ)
1094 3291 1121 3341 p

146 3345 169 3392 5.
194 3336 309 3410 μείζων]
333 3339 432 3405 μείζων
456 3335 512 3392 ἐστί
502 3357 561 3407 tp
653 3344 677 3392 6
702 3338 758 3392 ἀιιό
774 3340 852 3430 (pr.)]
876 3339 933 3393 ἀπὸ
956 3349 1060 3412 τῆςρ,
1089 3346 1122 3397 ut

109 3426 224 3479 semper.
281 3415 304 3464 8.
321 3407 454 3463 ἐλάττονα
468 3409 499 3463 λό
501 3411 604 3500 yov]p‚
624 3409 736 3464 ἔλαττον
748 3408 952 3491 ἀναλογονΚο
1008 3419 1033 3468 9.
1050 3387 1120 3485 HA]

109 3479 165 3548 Vp,
187 3484 282 3535 NAc
340 3487 380 3533 11.
400 3479 443 3550 τό]
462 3480 518 3549 Vp
538 3479 613 3534 τοίο.
670 3486 712 3536 20
731 3480 840 3570 τό]
819 3498 902 3550 slep
962 3488 1062 3538 21,τω
1024 3487 1120 3556 τῷ,]ρ

107 3549 139 3603 τό
158 3550 211 3604 Vc.
285 3557 327 3606 24.
348 3552 413 3621 AB]
433 3554 530 3619 Bop
604 3549 713 3622 μειζων]
733 3549 831 3619 μείζων
851 3552 947 3606 zato.
