2604 3880
171 185 238 249 270
482 189 717 242 nmmuo‘r
734 191 870 242 νοειΗε.

171 336 306 418 μεγίστη
326 331 395 397 ἐστὶ
411 343 478 397 τῶν
492 331 663 420 τεσσάρων
677 333 829 416 εὐθειῶν,
848 331 868 415 ἡ
883 328 920 397 δὲ
934 339 966 396 A
973 335 1000 396 Z
1014 331 1185 418 ἐλαχίστη·

170 438 226 504 καὶ
255 448 358 504 ταῦτα
386 441 449 524 γὰρ
477 439 611 523 ἐδείχθη
640 438 687 522 ιη’
714 437 769 505 καί
797 438 850 504 νθ’
877 442 1076 526 θεωρήματι.
1126 441 1186 507 καὶ

171 545 240 611 ἐπεὶ
262 547 303 610 τὰ
326 546 389 611 ἀπὸ
412 556 471 630 τῆς
492 549 647 630 μεγίστης
668 544 725 610 καὶ
747 555 805 630 τῆς
827 545 1008 630 ἐλαχίστης,
1031 545 1183 612 τουτέστι

169 654 210 716 τὰ
233 652 296 717 ἀπὸ
320 657 401 736 EA,
425 657 504 736 AZ,
532 663 602 728 τοῖς
625 651 689 716 ἀπὸ
715 655 789 735 ΓΑ,
811 658 882 716 ΑΔ
911 658 967 716 ίσα
990 653 1074 736 ἐστί,
1101 670 1182 717 συν-

135 762 356 844 οαμφότερος
378 761 442 845 ἄρα
464 757 484 841 ἡ
508 763 586 842 EA,
609 765 641 822 A
648 763 676 822 Z
701 758 817 824 εὐθεῖα
842 758 1094 845 συναμφοτέρου
1121 769 1183 843 τῆς

171 870 249 950 ΓΑ,
277 872 348 930 ΑΔ
375 865 520 930 ε’λοίττων
547 863 616 930 ἐστὶ
639 865 755 930 διὰτὸ
778 866 842 952 πρὸ
866 866 989 930 τούτου
1011 867 1182 951 θεώρημα.

168 976 442 1059 προσκείσθωσαν
465 973 503 1035 αί
527 975 605 1054 EZ,
635 975 708 1035 ΓΔ·
737 971 796 1054 ὅλη
825 973 889 1058 ἄρα
916 969 936 1053 ἡ
960 976 1062 1036 ΑΕΖ
1088 976 1181 1057 περί-

168 1104 285 1166 μετρος
300 1080 377 1162 ὅλης
391 1087 448 1162 τῆς
462 1081 562 1142 ΑΓΔ
576 1076 773 1162 περιμέτρου
789 1075 933 1142 ἐλάττων
947 1076 1025 1142 έστί.
1061 1081 1182 1162 μείζων

168 1188 232 1272 ἄρα
255 1187 275 1270 ἡ
298 1195 357 1250 τοῦ
381 1188 528 1269 μείζονος
549 1187 750 1270 περίμετρος.

116 1302 148 1350 10
234 1291 301 1357 Καὶ
325 1290 440 1374 γέγονε
463 1294 621 1376 φανερόν,
644 1291 695 1355 ὅτι
718 1290 755 1355 ἐν
777 1301 847 1367 τοῖς
865 1295 1044 1372 σκαληνοῖς
1059 1291 1180 1367 κώνοις

167 1410 234 1465 τῶν
271 1401 327 1464 δεδι
360 1408 420 1463 τοῦ
453 1396 570 1475 ἄξονος
602 1398 775 1483 τριγώνων
806 1401 941 1481 μεγίστη
973 1393 1036 1479 μὲν
1065 1395 1085 1478 ἡ
1117 1406 1180 1461 τοῦ

166 1508 322 1590 μεγίστου
340 1509 544 1593 περίμετρος,
562 1502 712 1568 τουτέστι
730 1513 790 1568 τοῦ
807 1506 1006 1585 ίσοσκελοῦς,
1026 1501 1177 1586 ἐλαχίστη

167 1609 203 1677 δέ
222 1613 242 1696 ἡ
261 1621 321 1676 τοῦ
340 1611 525 1696 ἐλαχίστου,
547 1609 697 1674 τουτέστι
720 1618 779 1674 τοῦ
797 1611 880 1695 πρὸς
898 1609 1006 1694 ὀρθὰς
1023 1617 1062 1694 τῇ
1081 1609 1178 1692 βάσει

166 1729 225 1784 τοῦ
235 1720 357 1802 κώνου,
371 1715 480 1783 τῶνδ’
493 1719 603 1782 ἄλλων
614 1699 664 1781 ίιεδ
674 1718 711 1781 τὸ
720 1719 831 1800 μεῖζον
840 1718 972 1799 μείζονα
981 1714 1179 1802 περιμέτρον

114 1834 146 1882 15
166 1829 231 1910 ἔχει
253 1827 335 1912 ἥπερ
359 1825 396 1889 τὸ
420 1826 564 1888 ἔλαττον.

232 1933 346 1996 Πάλιν
357 1931 548 1995 ὑποκείσθω
567 1929 588 2012 ἡ
607 1939 669 1994 τοῦ
682 1933 779 1994 ΓΑΔ
797 1929 964 2016 τριγώνων
982 1933 1177 2016 περίμετρος

164 2041 282 2121 μείζων
310 2032 395 2102 εἶναι
421 2045 480 2119 τῆς
506 2045 567 2100 τοῦ
589 2041 699 2101 EAZ.
745 2035 828 2118 λέγω
853 2037 909 2120 δή,
938 2036 988 2100 ὅτι
1011 2037 1049 2100 τὸ
1073 2039 1177 2101 ΑΓΛ

163 2147 328 2229 τρίγωνον
350 2151 411 2214 τοῦ
434 2147 501 2206 EA
508 2146 535 2204 Z
558 2144 668 2225 μεῖζόν
691 2142 789 2207 ἐστιν.

231 2247 299 2315 ἐπεὶ
333 2249 353 2332 ἡ
385 2251 484 2313 ΑΓΔ
521 2251 714 2334 περίμετρος
750 2257 807 2331 τῆς
839 2253 940 2312 EAZ
977 2247 1176 2334 περιμέτρου

110 2368 144 2416 20
162 2360 282 2441 μείζων
304 2355 403 2440 ἐστίν,
427 2361 481 2439 ίση
506 2351 543 2420 δὲ
566 2353 586 2437 ἡ
606 2357 667 2419 ΓΛ
689 2364 729 2440 τῇ
748 2359 826 2438 ΕΖ,
851 2357 948 2439 λοιπὴ
968 2357 1032 2442 ἄρα
1050 2373 1176 2440 συναμ-

162 2467 302 2551 φότερος
337 2463 358 2547 ἡ
397 2466 476 2546 ΓΑ,
508 2467 578 2526 ΑΔ
615 2460 868 2548 συναμφοτέρου
906 2470 964 2545 τῆς
995 2466 1075 2544 EA,
1108 2467 1175 2526 ΑΖ

161 2575 280 2656 μείζων
303 2571 380 2637 ἐστί.
417 2573 475 2634 καί
496 2568 627 2634 ἐστιτὰ
651 2567 714 2633 ἀπὸ
739 2572 808 2652 ΓΑ,
827 2573 898 2632 ΑΔ
921 2580 991 2645 τοῖς
1013 2567 1077 2632 ἀπὸ
1096 2573 1173 2652 EA,

160 2682 227 2741 ΑΖ
265 2683 334 2741 ίσα·
380 2687 447 2740 τῶν
484 2676 547 2761 ἄρα
586 2678 665 2758 ΓΑ,
697 2681 782 2758 ΑΔ,
814 2680 896 2759 EA,
928 2679 995 2739 ΑΖ
1031 2674 1175 2740 εὐθειῶν

160 2786 295 2868 μεγίστη
323 2781 384 2866 μέν
412 2782 502 2847 ἐστιν
530 2781 550 2865 ἡ
574 2786 655 2864 EA,
684 2781 834 2865 ἐλαχίστη
859 2765 898 2846 δέ
919 2780 939 2863 ἡ
963 2787 995 2846 A
1002 2785 1042 2845 Z·
1070 2790 1175 2846 ταῦτα

107 2901 141 2951 25
160 2890 223 2974 γὰρ
252 2889 381 2953 ἅπαντα
406 2886 645 2974 προδέδεικται.
690 2886 710 2970 ἡ
733 2892 800 2953 EA
831 2890 895 2974 ἄρα
918 2889 1001 2974 πρὸς
1023 2889 1083 2972 τὴν
1106 2893 1174 2953 AZ

159 2995 292 3080 μειζονα
319 2997 421 3077 λόγον
449 2997 514 3078 ἔχει
540 2995 622 3080 ὅπερ
650 2993 670 3076 ἡ
694 2999 765 3059 ΔΑ
793 2995 876 3082 πρὸς
898 2997 973 3059 ΑΓ.
1019 2993 1088 3060 ἐπεὶ
1111 2990 1175 3060 οὖν

232 3264 255 3313 2.
277 3258 318 3328 ιη’
334 3255 398 3384 nal)
417 3257 451 3327 V,
476 3258 506 3313 ἐν
525 3262 562 3330 τῷ
581 3275 612 3327 p,
637 3263 655 3326 †
674 3258 715 3328 ιη’
730 3258 780 3313 καὶ
798 3257 842 3312 σθ’
864 3258 928 3313 add.
947 3276 1003 3328 mg.
1019 3277 1055 3312 m.
1069 3273 1122 3311 ree.
1138 3257 1172 3313 V.

195 3335 219 3384 3.
240 3327 287 3401 τοί]
305 3347 337 3398 p,
361 3349 376 3382 τ
410 3328 444 3382 V.
530 3335 555 3383 4.
575 3335 597 3382 A
606 3330 638 3401 Z]
659 3345 712 3383 om.
723 3330 756 3384 V.
838 3335 862 3384 5.
883 3333 944 3399 EA,
961 3337 984 3384 A
993 3331 1024 3402 Z]
1045 3332 1096 3384 EA
1105 3333 1126 3382 Z
1143 3347 1172 3398 p.

195 3406 220 3455 6.
242 3405 302 3468 ΓΑ,
316 3402 381 3472 ΑΔ]
402 3404 482 3454 ΓΑΔ
499 3418 526 3469 p.
602 3406 625 3454 7.
644 3401 674 3472 ἡ]
692 3419 720 3470 p,
743 3417 795 3456 om.
810 3399 843 3456 V.
918 3407 942 3457 8.
962 3399 1037 3473 ὅλης]
1057 3417 1106 3470 vp,
1126 3421 1175 3470 -ης

153 3488 245 3540 supra
264 3471 396 3526 lacunam
414 3471 529 3526 chartae
547 3490 583 3525 m.
605 3477 618 3526 1
638 3471 671 3526 V.
742 3478 782 3526 11.
802 3469 865 3544 μέν]
884 3470 935 3542 μέν
955 3473 1028 3528 ἐστιν
1046 3491 1072 3542 p.
1130 3479 1173 3528 13.

153 3551 206 3598 Ιτοῦ
219 3541 302 3614 (alt.)]
321 3561 349 3611 p,
367 3551 400 3615 τῇ
419 3543 475 3598 Vv.
550 3548 590 3597 17.
609 3543 678 3598 Post
696 3551 745 3613 τῆς
763 3543 827 3598 add.
846 3549 864 3612 η
882 3563 918 3600 m.
938 3560 991 3598 rec.
1011 3544 1044 3614 V,
1065 3544 1096 3598 in
1114 3562 1171 3613 mg.
