2574 3882
162 205 209 268 40
436 207 523 256 ΠΕΡΙ
541 206 756 258 ΚΤΛΙΝΔΡΟΤ
774 208 910 259 ΤΟΜΗΣ.

163 350 248 435 πρὸς
266 349 373 434 ὀρθὰς
391 349 451 414 οὐκ
470 351 560 414 έσται
579 349 599 433 ἡ
618 352 686 413 ΚΛ
708 358 747 434 τῇ
767 354 840 416 ΛΕ.
882 351 913 415 ει’
934 351 997 435 γὰρ
1021 351 1179 434 δυνατόν,

164 459 247 520 έστω
270 458 352 541 πρὸς
374 456 480 542 ὀρθὰς
501 455 522 539 ἡ
545 459 614 520 ΚΛ
636 466 675 541 τῇ
699 460 772 520 ΛΕ.
819 460 887 522 ἔστι
913 454 1027 521 δὲκαὶ
1050 468 1090 542 τῇ
1114 461 1183 522 ΛΓ

163 563 247 648 πρὸς
270 561 389 648 ὀρθάς·
412 562 531 651 καὶτῷ
555 561 600 626 δι’
626 563 737 627 αὐτῶν
759 564 824 648 ἄρα
847 561 1005 651 ἐπιπέδῳ,
1028 563 1177 629 τουτέστι

163 677 210 756 τῷ
234 671 313 750 ΓΛ,
340 669 423 755 πρὸς
450 669 556 755 ὀρθὰς
583 671 673 733 ἔσται
700 667 720 751 ἡ
744 671 838 742 KA.¹
866 666 981 734 καὶτὸ
1006 669 1051 734 δι’
1078 671 1178 754 αὐτῆς

123 792 146 840 ,5
165 777 230 860 ἄρα
258 774 413 840 ἐπίπεδον
440 777 477 840 τὸ
501 784 558 858 της
581 781 613 839 Α
636 773 763 858 βάσεως
784 775 867 860 πρὸς
890 775 997 859 ὀρθὰς
1019 779 1109 841 ἔσται
1132 786 1176 864 τῷ

164 884 241 946 ΓΔ·
281 883 359 967 ὅπερ
383 882 443 965 οὐχ
466 881 644 946 ὑπόκειται.
681 881 742 946 οὐκ
763 883 827 967 ἄρα
845 881 865 964 η
885 885 953 946 ΚΛ
970 883 1054 968 πρὸς
1072 883 1178 969 ὀρθάς

163 987 232 1054 έστι
255 1001 294 1076 τῇ
318 994 391 1054 ΛΕ.
1072 975 1076 982 ’

230 1096 266 1162 έκ
294 1098 335 1180 δὴ
363 1106 431 1160 τῶν
459 1093 678 1180 δεδειγμένων
706 1098 868 1181 φανερόν,
896 1095 947 1160 ὅτι
969 1094 989 1178 ἡ
1013 1100 1088 1160 ΕΗ
1106 1096 1177 1160 διά-

163 1207 280 1290 μετρός
308 1203 377 1268 ἐστι
404 1211 462 1286 τῆς
484 1206 624 1268 ΕΖΗΘ
646 1212 760 1287 τομῆς·
794 1201 901 1279 πάσας
923 1203 986 1287 γὰρ
1010 1203 1068 1278 τὰς
1090 1204 1178 1288 παρὰ

110 1327 145 1376 10
163 1312 225 1393 την
252 1313 321 1374 ΚΛ
348 1307 571 1393 καταγομένας
600 1307 650 1374 ἐπ’
681 1309 785 1393 αὐτὴν
813 1309 889 1393 δίχα
916 1308 1039 1392 τέμνει,
1068 1294 1178 1394 ὥσπερ

162 1417 225 1500 τὴν
249 1420 321 1480 ΖΘ.

643 1538 703 1621 ιγ’.

228 1663 305 1730 Ἐὰν
333 1665 395 1729 δύο
423 1664 552 1728 εὐθεῖαι
580 1663 702 1748 ὁμοίως
729 1671 916 1749 τμηθῶσιν,
944 1669 1049 1748 ἔσται,
1073 1665 1118 1742 ὡς
1141 1667 1177 1730 τὸ

163 1771 227 1837 ἀπὸ
250 1781 308 1856 τῆς
331 1772 463 1858 πρώτης
485 1772 568 1857 πρὸς
590 1772 627 1836 τὸ
651 1770 714 1835 ἀπὸ
739 1780 796 1854 τῆς
819 1771 989 1858 δευτέρας,
1013 1773 1118 1850 οὕτως
1140 1774 1178 1838 τὸ

109 1894 144 1942 15
162 1879 228 1945 ὑπὸ
265 1890 333 1943 τῶν
370 1875 547 1962 τμημάτων
579 1887 637 1962 της
668 1879 800 1963 πρώτης
831 1879 913 1964 πρὸς
944 1880 981 1943 τὸ
1014 1879 1078 1944 ὑπὸ
1111 1891 1178 1945 τῶν
1272 1895 1273 1940 ῑ

161 1984 341 2070 τμημάτων
363 1993 421 2068 τῆς
443 1983 608 2070 δευτέρας.
1273 2049 1274 2064 ,

230 2091 1178 2176 efflmwwffAffiFAwmmmfflwmwww
1273 2111 1274 2174 g

162 2200 204 2263 τὰ
226 2195 319 2282 Ε,“Ζ
343 2208 468 2281 σημεῖα.
511 2195 606 2280 λέγω,
630 2198 691 2282 ὅτι,
715 2199 760 2274 ὡς
782 2198 819 2262 τὸ
843 2196 907 2262 ἀπὸ
931 2207 988 2281 της
1006 2203 1073 2262 AB
1095 2201 1179 2284 πρὸς
1273 2181 1274 2212 ³

161 2306 200 2371 τὸ
224 2305 288 2370 ἀπὸ
312 2313 370 2388 τῆς
393 2307 472 2386 ΓΔ,
496 2303 601 2380 οὕτως
624 2306 661 2370 τὸ
683 2304 749 2369 ὑπὸ
772 2315 840 2368 τῶν
858 2309 939 2387 ΑΕ,
957 2307 1021 2368 ΕΒ
1039 2306 1123 2391 πρὸς
1140 2308 1179 2372 τὸ

109 2426 145 2474 20
162 2412 229 2477 ὑπὸ
252 2423 320 2477 τῶν
343 2413 419 2494 ΓΖ,
444 2415 517 2475 ΖΛ.

232 2517 301 2584 ἐπεὶ
324 2519 402 2605 γάρ,
431 2517 476 2594 ὡς
498 2516 518 2600 η
542 2522 611 2582 ΑΕ
631 2518 714 2602 πρὸς
736 2521 814 2601 ΕΒ,
839 2518 944 2593 οὕτως
967 2516 987 2599 η
1012 2521 1073 2582 ΓΖ
1095 2520 1181 2604 πρὸς

163 2631 244 2711 ΖΛ,
271 2625 326 2691 καὶ
354 2624 514 2691 συνθέντι
545 2627 609 2712 ἄρα
636 2622 691 2688 καὶ
715 2621 867 2706 ἐναλλάξ,
895 2624 940 2699 ὡς
962 2622 982 2706 ἡ
1006 2628 1072 2688 ΑΒ
1095 2627 1181 2710 πρὸς

162 2737 238 2816 ΓΛ,
262 2733 368 2808 οὕτως
390 2733 410 2815 ἡ
434 2736 498 2795 ΕΒ
516 2733 600 2817 πρὸς
620 2736 692 2795 ΖΔ.
729 2728 885 2815 ααὶέττεί,
909 2731 953 2806 ὡς
971 2729 991 2813 ἡ
1011 2735 1079 2796 ΑΕ
1095 2733 1182 2816 πρὸς

160 2843 240 2922 ΕΒ,
274 2839 381 2913 οὕτως
407 2836 427 2918 ἡ
457 2839 519 2900 ΓΖ
546 2838 629 2922 πρὸς
654 2841 732 2919 ΖΛ,
759 2837 796 2901 τὸ
824 2839 888 2922 ἄρα
915 2836 981 2901 ὑπὸ
1009 2848 1077 2901 τῶν
1099 2835 1181 2923 ΑΕ,

236 3069 259 3118 1.
284 3063 354 3132 πρὸς
378 3061 470 3130 δρδδις
493 3065 544 3118 οδιι
569 3062 656 3134 ἔσται]
681 3062 779 3133 scn'psi
802 3080 866 3117 cum
884 3063 1001 3134 comm,
1027 3065 1103 3119 ἔσται
1121 3067 1180 3136 Vc,

162 3139 304 3206 σααληνοῦ
319 3134 426 3204 δηλαδὴ
442 3133 522 3196 ὄντος
538 3143 587 3189 τοῦ
602 3136 752 3203 κυλίνδρου
772 3134 823 3190 ονίι
838 3135 895 3190 ἐστι
912 3136 983 3203 πρὸς
1001 3135 1092 3204 ὀρθάς
1110 3155 1129 3206 p
1149 3142 1182 3192 et

161 3208 265 3278 Halley
284 3206 390 3278 (ἔσται).
472 3211 496 3259 4.
517 3207 614 3278 αὐτῆς]
634 3208 720 3261 αὐτοῦ
738 3225 765 3276 p.
853 3212 877 3260 5.
896 3207 944 3332 vd}
958 3205 1081 3262 τουτέστι
1099 3208 1130 3262 τό
1148 3227 1179 3278 p,

158 3280 272 3348 Halley.
353 3279 402 3350 τῷ]
422 3293 437 3330 e
456 3293 524 3331 corr.
543 3295 571 3346 p.
659 3283 681 3332 7.
706 3277 813 3349 ἐστιτη
832 3278 904 3350 ΛΕ]
943 3289 1056 3351 σταιτῇ
1076 3283 1130 3333 ΕΛ
1148 3298 1179 3348 p.

197 3358 222 3406 8.
243 3350 317 3422 ΕΗ]
337 3353 367 3403 Η
384 3365 399 3402 e
418 3365 486 3404 corr.
501 3355 567 3404 m.1
588 3366 610 3404 ο.
667 3355 708 3403 12.
729 3349 781 3421 ιη’]
795 3367 822 3418 p,
843 3349 960 3418 om.Vc,
980 3350 1066 3422 ιβ’ω.
1077 3367 1131 3404 ree.
1142 3349 1179 3406 V.

199 3464 241 3511 14.
261 3453 405 3528 δευτέρας]
425 3445 447 3527 ᾗ
460 3475 486 3525 p.
543 3453 640 3526 οὕτως]
661 3434 714 3510 οὕῗ
728 3474 754 3524 p.
821 3463 861 3510 15.
882 3457 1077 3528 πρώτης]ᾶμ.
1135 3463 1179 3513 16.

161 3551 383 3633 δευτέραςῄρ.
468 3568 508 3617 19.
529 3560 627 3633 οὕτως]
647 3542 700 3616 οὔδ’
719 3580 746 3630 p.
825 3569 868 3616 22.
890 3564 953 3634 ΖΔ]
973 3580 1024 3632 cp,
1054 3581 1122 3617 corr.
1143 3579 1179 3617 ex
