2594 3878
437 232 487 283 uu
506 229 684 284 suenone
703 231 797 284 cour.
1058 226 1121 290 173

111 377 250 440 ducalur
272 379 348 459 ΕΖ,
377 379 410 440 et
436 397 494 459 per
517 379 581 439 ΕΖ
608 374 827 458 uerticemque
851 379 883 437 A
908 373 1041 458 planum
1069 373 1124 437 du-

112 487 206 547 catur
237 481 438 568 triangulum
470 485 571 546 ΑΕΖ
603 480 753 546 efficiens.
809 480 894 565 dice,
923 479 1124 566 triangulum

112 593 215 654 ΑΕΖ
237 588 474 672 aequicrurium
498 610 576 652 esse.

189 696 348 760 ducantur
379 699 411 759 E
418 699 464 779 H,
492 699 566 759 ΖΗ.
622 694 775 778 quoniam
808 696 873 758 ΓΔ
905 698 1028 758 rectam
1059 699 1126 758 ΕΖ

113 803 154 867 ad
173 807 280 867 rectos
300 801 437 888 angulos
462 823 573 866 secans
595 801 630 864 in
649 802 728 865 duas
747 804 856 885 parles
880 800 1030 884 aequales
1054 823 1125 866 eam

112 913 202 974 secel
231 908 336 992 [Eucl.
359 907 425 991 III,
448 907 483 992 3]
491 905 525 994 1),
558 907 620 972 erit
647 911 722 972 ΕΗ
736 938 777 960 =
799 911 872 971 ZH
894 907 1000 990 [Eucl.
1023 905 1053 990 I,
1080 908 1126 992 4].

113 1015 294 1080 communis
313 1019 422 1079 aulem
436 1021 469 1078 A
474 1019 517 1099 H,
536 1019 569 1079 et
586 1019 722 1097 uberque
737 1014 874 1100 angulus
892 1019 925 1078 A
930 1018 1006 1098 HE,
1021 1019 1053 1078 A
1059 1017 1098 1078 H
1100 1019 1127 1078 Z

112 1127 236 1208 rectus3
268 1144 366 1207 quare
395 1122 493 1186 etiam
521 1126 589 1186 EA
609 1153 649 1174 ---
669 1126 736 1186 AZ
764 1121 869 1205 [Eucl.
893 1120 922 1206 Ι,
949 1123 993 1201 4].
1048 1143 1126 1207 ergo

111 1230 297 1314 triangulus
320 1233 421 1293 ΑΕΖ
443 1227 663 1312 aequicrurius
686 1231 744 1291 est.

181 1335 257 1400 hinc
284 1334 493 1398 manifestum
522 1338 585 1420 esi,
613 1355 725 1398 omnes
748 1332 944 1420 triangulos,
972 1333 1027 1417 qui
1055 1355 1128 1399 con-

4 1491 5 1546 3
116 1445 285 1508 seruantur
299 1441 395 1506 bases
410 1442 451 1506 ad
466 1444 526 1506 ΓΔ
539 1439 820 1526 perpendiculares
835 1440 1002 1526 habentes,
1022 1441 1128 1526 aequi-

4 1549 5 1596 l
114 1548 239 1614 crurios
264 1569 343 1614 esse.

561 1705 679 1772 XXJH.

183 1831 355 1896 Praeterea
374 1832 668 1915 demonstrandum,
689 1831 716 1894 si
734 1831 891 1918 trianguli
912 1832 1018 1898 effecti
1033 1833 1127 1898 bases

118 1939 159 2003 ad
179 1941 239 2002 ΓΛ
262 1938 540 2023 perpendiculares
563 1960 630 2003 non
652 1937 807 2022 habeant,
831 1938 1049 2024 aequicrurios
1073 1962 1128 2005 eos

115 2067 183 2110 non
205 2046 283 2110 fore.

3 2207 4 2226 2
182 2174 260 2216 nam
282 2151 317 2215 in
343 2152 454 2216 eadem
476 2153 582 2238 figura
605 2157 805 2237 supponatur
827 2157 892 2217 ΕΖ
918 2154 958 2217 ad
981 2156 1042 2218 ΓΔ
1064 2176 1131 2218 non

118 2258 408 2345 perpendicularis3
426 2263 504 2343 EH,
525 2263 596 2324 ΖΗ
609 2259 711 2345 igilur
725 2258 908 2343 inaequales
926 2265 1009 2324 sunt.
1047 2283 1132 2326 eom·

3 2359 4 2372 i
120 2365 227 2430 munis
256 2369 365 2430 autem
393 2369 463 2428 HA
495 2369 528 2429 et
561 2366 601 2429 ad
631 2387 685 2430 eas
713 2365 1000 2451 perpendicularis3
1032 2388 1130 2450 quare

119 2473 219 2536 etiam
238 2477 314 2556 EA,
327 2475 394 2536 ΑΖ
411 2471 595 2555 inaequales
615 2476 700 2536 sunl.
736 2493 814 2557 ergo
833 2471 1017 2556 triangulus
1031 2476 1131 2536 ΕΑΖ

3 2625 5 2636 J
120 2577 342 2662 aequicrurius
364 2599 431 2644 non
453 2583 512 2642 est.

568 2771 687 2836 XXIV.

186 2897 227 2960 In
268 2918 350 2962 cono
393 2896 521 2962 scaleno
560 2896 799 2983 lriangulorum
835 2919 893 2982 per
929 2919 1022 2962 axem
1059 2919 1132 2963 ccu-

122 3007 322 3069 structorum
364 3003 524 3067 maximus
570 3002 632 3068 erit
672 3002 855 3088 triangulus
903 3003 1133 3090 aequicrurius,

195 3235 221 3301 1)
239 3231 337 3299 Neque
356 3230 429 3286 enim
449 3247 562 3285 necesse
582 3232 634 3300 esi,
653 3234 707 3284 ΕΖ
724 3237 811 3300 perB
830 3232 942 3296 cadere;
963 3232 1012 3286 sed
1030 3231 1072 3286 ita
1090 3235 1133 3285 esl

122 3303 153 3356 in
172 3303 262 3372 figura
281 3302 409 3358 ecdicum
426 3303 483 3372 Vp.

495 3433 549 3438 —.
771 3431 1134 3440 ω...-

113 3535 180 3586 ng.
199 3535 235 3571 m.
255 3533 309 3572 rec.
328 3517 363 3586 V,
390 3516 436 3585 κγ’
451 3534 506 3586 mg.
525 3535 557 3585 p,
586 3533 639 3572 om.
656 3517 709 3571 Vc.
791 3521 834 3570 22.
853 3515 987 3583 κοινή-
1007 3520 1049 3570 23.
1069 3515 1133 3588 εἰσι]

125 3605 178 3644 om.
196 3607 223 3657 p.
297 3594 339 3642 25.
359 3587 612 3658 ad‘]p‚om.Vc.
