2594 3878
167 215 230 279 192
479 218 566 268 ΠΕΡΙ
584 217 712 270 Καυου
731 219 867 272 Toum:

164 383 276 442 νυται,
300 360 350 424 ὅτι
373 358 428 424 καὶ
450 360 585 426 πάντων
607 373 674 426 τῶν
696 363 927 447 παραλλήλους
949 362 1062 446 βάσεις
1086 361 1176 446 ἐχόν-

164 490 232 531 των
261 477 300 552 τῇ
330 469 401 531 ΓΔ.
449 469 486 532 τὸ
517 474 549 531 Α
555 471 619 532 ΓΛ
646 471 710 554 ἄρα
746 467 901 552 μέγιστόν
937 469 1006 534 ἐστι
1042 469 1177 534 πάντων

165 585 232 637 τῶν
259 575 491 659 παραλλήλους
517 574 630 657 βάσεις
657 573 802 658 ἐχόντων
829 585 867 661 τῇ
896 579 973 640 ΓΔ·
1003 576 1081 661 ὅπερ
1112 577 1177 641 ἔδει

167 678 279 756 δεῖξαι.

131 815 145 860 5
650 804 692 871 λ’.

230 927 305 994 Ἐδιν
334 927 370 994 δὲ
397 929 417 1013 ή
447 929 510 995 ἀπὸ
535 939 595 995 τοῦ
618 938 651 995 Α
674 931 814 1007 κάθετος
837 929 890 996 ἐπὶ
913 933 974 1016 τήν
998 936 1064 996 ΓΔ
1087 932 1178 997 ἐλάτ-

166 1061 232 1102 των
254 1032 276 1124 ᾗ
299 1047 357 1121 τής
380 1037 415 1101 ἐκ
438 1047 498 1101 τοῦ
523 1036 678 1122 κέντρου,
706 1039 743 1102 τὸ
766 1041 869 1102 ΛΓΔ
892 1038 953 1102 οὐκ
976 1041 1066 1103 ἔσται
1089 1038 1178 1124 μέγι-

166 1161 245 1210 στον
274 1155 342 1209 τῶν
371 1145 429 1220 τὰς
458 1145 688 1229 παραλλήλους
719 1155 759 1230 τῇ
792 1147 857 1209 ΓΔ
889 1145 1001 1228 βάσεις
1034 1145 1178 1230 ἐχόντων

165 1253 350 1336 τριγώνων·
374 1251 394 1334 ἡ
419 1246 456 1314 δὲ
479 1251 561 1334 αὐτή
586 1249 686 1328 δεῖξις
708 1249 763 1315 καὶ
786 1253 990 1336 καταγραφή.

112 1372 146 1419 10
232 1355 301 1423 ἐπεὶ
329 1358 392 1441 γὰρ
420 1355 440 1438 ή
470 1361 538 1420 ΗΒ
567 1356 710 1422 ἐλάττων
738 1367 796 1440 τῆς
824 1355 858 1421 ἐκ
880 1366 941 1422 τοῦ
964 1357 1118 1444 κέντρου,
1141 1361 1177 1424 τὸ

165 1467 229 1549 ἄρα
248 1468 287 1528 Η
289 1466 349 1528 ΓΛ
373 1463 434 1527 οὐκ
458 1466 548 1528 ἔσται
572 1461 726 1547 μέγιστον
749 1475 817 1528 τῶν
834 1467 1066 1549 παραλλήλους
1089 1466 1178 1554 αὐτῷ

164 1571 276 1654 βάσεις
304 1569 459 1654 ἐχόντων·
485 1569 618 1653 ἐδείχθη
641 1571 705 1656 γὰρ
728 1569 784 1635 καὶ
806 1573 938 1654 μείζονα
967 1571 1070 1636 αὐτοῦ
1099 1590 1177 1638 συν-

165 1676 322 1760 ιστάμενα
342 1674 397 1741 καὶ
423 1676 580 1741 ἐλάττονα
603 1675 658 1741 καὶ
679 1683 741 1742 ἴσα.
779 1680 809 1741 εἰ
826 1674 886 1761 μὲν
905 1673 966 1743 οὖν
986 1681 1122 1744 ἔλαττον
1141 1681 1177 1744 τὸ
1291 1671 1292 1678 ¹

165 1787 270 1848 ΗΓΛ
301 1792 360 1847 τοῦ
395 1787 512 1867 ΗΕΖ,
550 1786 685 1849 ἔλαττον
714 1787 804 1850 ἔσται
833 1782 888 1848 καὶ
917 1785 954 1849 τὸ
986 1788 1086 1849 ΑΓΔ
1118 1795 1177 1850 τοῦ

112 1904 145 1952 15
165 1895 278 1974 ΑΕΖ,
307 1892 337 1955 εἰ
364 1887 401 1954 δέ
428 1895 537 1975 μεῖζον
564 1891 601 1955 τὸ
631 1893 737 1955 ΗΓΔ
760 1899 820 1955 τοῦ
844 1895 960 1974 ΗΕΖ,
990 1895 1100 1975 μεῖζον
1123 1891 1178 1958 καὶ

164 1998 200 2061 τὸ
224 2000 327 2060 ΑΓΔ
350 2005 409 2060 τοῦ
433 2002 544 2080 ΑΕΖ,
568 1995 623 2060 καὶ
647 2003 720 2062 ἴσον
743 1997 872 2081 ὁμοίως.

636 2190 698 2256 λα’.

227 2312 304 2380 Ἐὰν
327 2314 363 2380 έν
388 2320 541 2404 σκαλήνςό
565 2317 660 2381 κων·
684 2315 843 2400 τμήδέντι
866 2318 923 2380 διδ
945 2327 1003 2400 τῆς
1027 2328 1179 2403 κορυφῆς

164 2421 330 2500 ἐπιπέδοις
360 2420 413 2488 ε’πὶ
444 2426 663 2509 παραλλήλων
690 2422 820 2507 βάσεων
851 2425 1001 2507 ἰσοσκελή
1033 2428 1180 2510 τρίγωνα

112 2545 144 2592 20
164 2539 278 2615 συστῇ,
302 2529 319 2596 ὁ
343 2526 380 2595 δὲ
404 2527 492 2608 ἄξων
515 2539 574 2594 τοῦ
593 2531 704 2595 κώνου
723 2531 767 2614 μή
787 2529 931 2595 ἐλάττων
948 2525 969 2617 ᾖ
987 2539 1045 2614 τής
1064 2530 1099 2595 ἐκ
1118 2541 1179 2597 τοῦ

163 2635 301 2723 κέντρου
325 2647 383 2721 τής
406 2637 545 2720 βάσεως,
573 2638 610 2702 τὸ
635 2638 691 2701 διὰ
713 2645 773 2701 τοῦ
797 2635 913 2714 ἄξονος
937 2635 1101 2714 ἰσοσκελές
1124 2638 1179 2723 με’-

165 2761 280 2826 γιστον
307 2747 398 2809 ἔσται
425 2744 560 2809 πάντων
587 2754 655 2809 τῶν
683 2746 861 2808 ἰσοσκελῶν
888 2755 955 2809 τῶν
982 2745 1179 2829 συνισταμέ-

166 2874 249 2933 νων,
273 2848 326 2934 ἐφ’
352 2850 369 2914 ὃ
393 2849 491 2936 μέρος
514 2851 688 2935 προσνεύει
711 2850 729 2916 δ
753 2849 849 2927 ἄξων.

233 2959 314 3020 έστω
338 2968 453 3040 κῶνος,
477 2951 517 3020 οὗ
542 2955 628 3034 ἄξων
651 2954 711 3040 μὲν
735 2957 752 3022 ὁ
778 2962 859 3041 ΑΒ,
882 2958 978 3042 βάσις
1002 2955 1039 3022 δέ
1062 2959 1079 3024 ὁ
1103 2957 1179 3044 περὶ

237 3156 260 3205 2.
288 3149 319 3204 τὸ
348 3153 427 3202 ΑΓΔ
454 3181 487 3189 -
515 3157 539 3203 4.
567 3149 672 3221 δεῖξαι]
707 3167 760 3204 om.
787 3168 814 3220 p.
914 3154 937 3203 5.
967 3150 1007 3220 λ’]
1045 3166 1099 3204 om.
1123 3151 1178 3219 Vc,

166 3222 217 3277 κδ’
234 3240 259 3292 p.
339 3227 362 3275 8.
382 3218 443 3291 τάς]
464 3237 516 3274 om.
535 3238 562 3289 p.
646 3226 669 3275 9.
689 3221 707 3290 ἡ
726 3252 761 3261 -
780 3221 960 3346 καταγραφήὲ
984 3221 1030 3275 ἐπὶ
1053 3221 1106 3291 γὰρ
1130 3231 1180 3292 τῆς

166 3295 252 3364 αὐτῆς
274 3300 458 3361 καταγραφῆς
479 3309 507 3360 p.
606 3297 647 3346 10.
672 3291 736 3364 γάρ]
759 3309 811 3346 om.
827 3311 853 3361 p.
958 3289 1076 3364 λδττων]
1100 3292 1179 3346 ἐλάτ-

165 3385 220 3420 των
245 3361 300 3420 έστέ
322 3383 348 3434 p.
437 3369 478 3416 12.
502 3363 570 3416 Post
593 3361 646 3432 γάρ
670 3363 734 3418 add.
755 3369 773 3431 †
791 3382 827 3417 m.
846 3379 899 3417 rec.
919 3363 945 3418 V
965 3364 1006 3434 (in
1028 3382 1083 3433 mg.
1104 3382 1178 3418 nune

165 3435 237 3497 nihil
270 3437 435 3506 comparet).
539 3431 588 3489 καί
616 3466 649 3474 -
678 3436 781 3506 αὐτοῦ]
815 3436 901 3489 αὐτοῦ
928 3435 977 3489 καὶ
1006 3433 1118 3504 μείζονα
1151 3454 1177 3505 p.

207 3512 248 3559 16.
277 3504 341 3577 κατ’]
370 3506 395 3559 εἰ
417 3501 448 3558 δὲ
473 3503 534 3558 ἴσον
561 3522 587 3573 p.
684 3509 725 3559 17.
754 3506 814 3577 λα’]
840 3522 893 3560 om.
913 3505 970 3575 Vc,
999 3506 1063 3575 Z'p
1089 3509 1118 3559 et
1141 3525 1177 3560 m.

166 3591 219 3628 rec.
243 3577 275 3630 V.
368 3582 409 3629 18.
440 3575 486 3647 ἐν]
509 3593 541 3644 p,
569 3591 621 3629 om.
645 3577 722 3630 Vve.
814 3574 965 3648 τμηθέυτι]
995 3593 1048 3630 om.
1070 3595 1097 3646 p.
