2594 3878
160 212 224 276 108
430 210 518 263 ΠΕΡΙ
535 212 752 264 Κτιιαιεον
769 212 904 264 Τοιιιιε,

158 366 216 440 τῆς
236 361 302 420 ΖΛ
324 357 407 441 πρὸς
429 356 490 438 τὴν
508 359 577 419 EA
599 353 655 419 καὶ
677 363 737 419 τοῦ
760 363 818 438 τῆς
837 359 905 419 EA
922 355 1005 439 πρὸς
1023 355 1099 438 ΛΞ,
1118 353 1178 420 καί

159 465 177 529 6
205 471 263 546 τῆς
286 466 364 526 MA
386 463 469 547 πρὸς
491 465 564 525 AK
588 464 685 543 λόγος
712 462 776 546 ι’ίρα
804 462 973 543 σύγκειται
996 463 1031 525 ἔτι
1054 483 1089 525 τε
1113 471 1176 526 τοῦ

158 579 216 653 τῆς
241 574 307 633 ZA
329 569 412 654 πρὸς
434 569 495 652 την
513 573 581 632 ΕΔ
603 566 658 632 καὶ
678 576 737 632 τοῦ
756 576 814 651 τῆς
831 572 900 632 ΕΛ
917 569 1001 653 πρὸς
1018 569 1080 650 την
1098 574 1133 632 A
1138 568 1179 641 Ξ.

159 674 232 742 ἀλλ’
259 676 276 742 6
299 672 361 760 μὲν
382 684 441 757 τῆς
461 679 526 738 ΖΔ
548 675 631 760 πρὸς
653 675 715 757 την
733 677 800 738 EA
819 677 917 756 λόγος
939 674 957 739 6
981 674 1081 750 αὐτός
1104 673 1178 738 έστι

123 795 139 843 5
158 794 204 871 τῷ
227 793 286 866 τῆς
305 786 378 847 ΖΗ
390 782 474 866 πρὸς
496 782 558 864 τὴν
575 784 647 844 HE
664 781 720 844 διὰ
742 781 803 864 τὴν
825 780 1000 864 ὑπόθεσιν,
1023 780 1041 845 6
1061 777 1098 844 δὲ
1116 790 1179 862 τῆς

157 895 226 955 EA
243 891 326 975 πρὸς
344 890 405 972 τὴν
422 893 456 952 A
461 887 498 971 Ξ,
522 885 691 951 τουτέστιν
712 886 730 952 6
753 896 812 969 τῆς
829 891 903 952 ΕΝ
919 887 1002 972 πρὸς
1019 888 1081 970 τὴν
1100 886 1179 969 ΞΚ,

158 997 176 1062 6
200 997 299 1072 αὐτὸς
322 994 457 1078 έδείχθη
476 1003 521 1080 τῷ
544 1003 602 1076 τῆς
627 998 691 1058 OE
712 995 795 1079 πρὸς
812 995 873 1078 τὴν
892 998 970 1058 ΠΡ·
995 993 1012 1059 6
1033 995 1097 1080 ἄρα
1116 1003 1179 1076 τῆς

158 1107 236 1168 MA
255 1103 339 1188 πρὸς
361 1103 423 1185 τὴν
441 1104 515 1165 AK
534 1103 632 1183 λόγος
655 1101 823 1182 σύγκειται
846 1103 881 1165 ἔτι
899 1124 934 1165 τε
952 1109 1013 1165 τοῦ
1031 1110 1090 1183 τῆς
1105 1105 1183 1165 ΖΗ

157 1211 240 1296 πρὸς
258 1213 331 1273 ΗΕ
352 1211 454 1289 λόγου
477 1205 532 1271 καί
551 1216 611 1271 τοῦ
630 1217 689 1290 τῆς
709 1211 774 1272 OE
789 1209 873 1292 πρὸς
890 1209 951 1290 την
970 1212 1044 1272 ΠΡ.
1073 1207 1179 1273 πάλιν

106 1329 140 1378 10
159 1314 228 1382 έτιελ
252 1315 269 1380 6
293 1323 351 1397 τῆς
373 1318 450 1378 ΜΛ
471 1315 555 1399 πρὸς
576 1315 638 1398 την
661 1317 732 1378 ΛΚ
751 1316 849 1396 λόγος
871 1313 889 1379 6
913 1314 1013 1391 αὐτός
1036 1313 1105 1379 ἐστι
1128 1325 1177 1403 τῷ

158 1431 215 1504 τῆς
244 1425 316 1485 ΖΠ
338 1421 423 1506 πρὸς
449 1422 510 1504 την
537 1424 616 1504 ΠΡ,
644 1420 662 1486 6
688 1416 725 1484 δὲ
747 1429 806 1503 τῆς
830 1425 902 1484 ΖΠ
919 1422 1002 1506 πρὸς
1024 1423 1085 1504 τὴν
1109 1426 1185 1486 ΠΡ

158 1531 256 1610 λόγος
288 1527 456 1609 σύγκειται
488 1529 524 1592 έκ
555 1550 590 1592 τε
621 1536 681 1591 τοῦ
713 1535 771 1610 τῆς
805 1531 876 1591 ΖΠ
902 1528 985 1612 πρὸς
1016 1527 1078 1610 τὴν
1112 1533 1181 1593 OE

159 1637 275 1717 λόγου,
303 1633 452 1698 τουτέστι
480 1642 540 1698 τοῦ
563 1642 621 1716 τῆς
645 1637 718 1697 ΖΗ
736 1634 819 1719 πρὸς
841 1636 902 1718 τὴν
925 1638 1008 1717 ΗΕ,
1035 1632 1178 1699 καὶτοῦ

158 1749 217 1824 της
241 1745 305 1806 OE
326 1741 409 1826 πρὸς
431 1741 492 1823 τὴν
516 1745 595 1823 ΠΡ,
623 1738 678 1804 καὶ
701 1740 800 1823 ὁτῆς
823 1745 899 1804 ΜΛ
921 1741 985 1825 ἄρα
1008 1741 1092 1825 πρὸς
1113 1743 1179 1824 τὴν

107 1861 139 1910 15
160 1851 231 1912 ΛΚ
251 1850 348 1930 λόγος
371 1847 539 1930 σύγκειται
563 1850 598 1911 ἔκ
621 1869 655 1911 τε
678 1855 738 1910 τοῦ
761 1855 819 1930 τῆς
837 1850 906 1910 ΗΖ
924 1847 1007 1933 πρὸς
1025 1848 1086 1930 τὴν
1105 1851 1181 1912 HE

159 1957 260 2036 λόγου
283 1952 338 2018 καὶ
361 1963 421 2018 τοῦ
444 1963 502 2037 τῆς
522 1958 586 2018 OE
604 1955 687 2039 πρὸς
710 1954 771 2037 τὴν
789 1957 864 2018 ΠΡ.
902 1952 1035 2036 ἐδείχθη
1059 1950 1098 2017 δὲ
1120 1952 1178 2018 καὶ

159 2060 177 2125 6
205 2069 263 2142 τῆς
290 2064 368 2124 MA
395 2061 478 2145 πρὸς
505 2061 566 2143 τὴν
594 2063 667 2123 AK
692 2063 789 2142 λόγος
812 2059 847 2124 έιι
870 2070 937 2124 τῶν
960 2059 1072 2124 αὐτῶν
1096 2076 1178 2142 συγ-

159 2169 320 2250 κείμενος·
354 2167 399 2243 ὡς
421 2167 485 2250 ἄρα
508 2163 528 2247 6
547 2169 625 2230 MA
647 2167 730 2251 πρὸς
753 2167 814 2250 την
831 2169 911 2248 AK,
935 2165 1041 2241 οὕτως
1058 2163 1078 2247 6
1098 2170 1179 2231 ΜΛ

158 2274 241 2360 πρὸς
263 2272 326 2356 τὴν
349 2276 425 2337 ΛΚ.

107 2395 140 2443 20
227 2380 349 2466 ὁμοίως
377 2375 414 2444 δὲ
441 2379 666 2463 δειχθήσεται,
694 2377 757 2444 κδν
781 2381 877 2444 ἄλλαι
901 2380 1087 2462 διαχθῶσιν
1111 2377 1179 2444 ἀπὸ

158 2497 218 2552 τοῦ
245 2493 291 2552 Λ·
318 2495 421 2552 πᾶσαι
448 2486 511 2572 γδιρ
539 2484 604 2549 ὑπὸ
632 2493 690 2568 τῆς
718 2489 786 2549 AO
806 2486 1087 2571 ’διαιρεθήσονται
1114 2486 1177 2550 τὸν

158 2593 334 2681 εἰρημένον
356 2595 492 2680 τρόπον·
517 2593 597 2678 ὅπερ
621 2593 687 2656 ἔδει
711 2590 822 2669 δεῖξαι,

225 2700 300 2765 Κᾶν
323 2701 360 2764 αί
376 2699 440 2765 ἀπὸ
459 2708 518 2764 τοῦ
539 2705 572 2764 A
591 2699 779 2782 διαχθεῖσαι
798 2696 963 2780 ἀνάλογον
982 2693 1043 2762 ὦσι
1061 2721 1176 2782 τετμη-

158 2806 263 2891 μέναι,
282 2803 329 2870 ἵν’
345 2799 376 2892 ᾖ,
395 2806 439 2882 ὡς
457 2802 517 2890 μέν
536 2805 556 2889 6
577 2809 643 2870 ΖΔ
660 2805 743 2891 πρὸς
762 2806 822 2888 την
841 2809 918 2888 ΛΕ,
942 2805 1047 2880 οὕτως
1065 2804 1085 2888 6
1106 2809 1179 2869 ΖΗ

106 2925 139 2973 25
157 2915 241 2998 ιιρὸς
263 2914 324 2996 τὴν
347 2915 431 2994 ΗΕ,
461 2909 504 2988 ὡς
528 2907 564 2976 δὲ
587 2911 607 2995 6
630 2915 708 2976 MA
729 2912 811 2997 πρὸς
833 2913 894 2995 τὴν
917 2914 1001 2994 ΛΚ,
1025 2910 1130 2986 οὕτως
1156 2911 1179 2995 6

159 3023 234 3084 ΜΛ
256 3019 339 3104 πρὸς
361 3018 422 3101 την
446 3021 527 3102 ΛΚ,
551 3018 571 3102 6
594 3018 652 3094 τὰς
676 3017 712 3082 έν
733 3027 779 3106 τῷ
802 3019 953 3106 τριγώνῳ
977 3016 1177 3101 ἀπειλημμέ-

158 3149 219 3202 νας
246 3125 393 3207 εὐθείας,
421 3116 494 3189 οἷον
521 3125 580 3201 τὰς
604 3129 681 3208 ΖΕ,
704 3127 795 3207 ΜΚ,
821 3123 986 3207 ἀνάλογον
1008 3122 1178 3208 τέμνουσα

158 3233 274 3298 εὐθεῖα
297 3229 476 3362 διαγομένη
500 3232 555 3295 διδ
578 3239 636 3315 τῆς
657 3239 806 3318 κορυφῆς
829 3229 897 3314 ἥξει
919 3240 980 3296 τοῦ
998 3231 1178 3317 τριγώνου.

231 3432 254 3479 1.
273 3425 413 3493 τρδςΛ
388 3424 481 3564 :6762
475 3424 708 3494 ,,Ξ“ιτρδςτὴνΛ
723 3441 746 3478 ο
801 3423 931 3478 καλὸ-
948 3425 1175 3494 3ΗΔΞ]οιη.ο

195 3503 236 3550 15.
255 3497 327 3567 ΛΚ]
346 3500 402 3549 ΑΚ
450 3512 464 3547 ο
496 3512 564 3549 corr.
580 3495 683 3550 Comm.
729 3500 792 3619 223.
812 3497 861 3548 δια
878 3496 992 3586 θεῖσαι
1006 3511 1033 3562 ο,
1053 3510 1121 3548 corr.
1137 3510 1175 3548 ex

158 3569 298 3638 διαχθῶσι
316 3566 433 3634 m.1V‚
454 3568 656 3637 διαχθῶσαιν
766 3496 1063 3638 .6]H6HeyT6Vc
