2594 3878
160 185 224 248 180
476 186 564 236 ΠΕΡΙ
581 184 711 237 ΜΟΤ
727 186 864 238 'Pom

633 381 697 450 ις’.

216 504 323 571 ’Βστω
347 509 512 589 τρίγωνον
534 503 638 571 δοθὲν
663 507 701 570 τὸ
725 509 831 570 ΑΒΓ
851 508 1018 589 σκαληνὸν
1039 509 1177 588 μείζονα

161 616 238 697 ἔχον
255 615 316 697 τὴν
334 617 401 677 ΑΒ
423 622 482 696 τῆς
499 616 575 696 ΑΓ,
597 613 618 696 ἡ
642 610 679 676 δὲ
697 616 765 677 ΒΓ
782 613 879 696 βάσις
899 615 1073 696 τετμήσθω
1096 613 1177 695 δίχα

160 720 302 784 κατὰτὸ
325 726 374 803 Δ,
400 717 456 783 καὶ
480 721 609 802 διήχθω
631 720 652 802 ἡ
675 726 760 802 ΑΔ,
787 718 842 784 καὶ
869 720 890 803 ἡ
912 717 974 804 μὲν
996 724 1064 783 ΕΔ
1090 719 1177 802 πρὸς

126 837 142 885 5
162 826 268 910 ὀρθὰς
285 828 368 890 ἔστω
386 835 426 910 τῇ
445 829 514 890 ΒΓ
527 831 581 908 ἴση
600 821 684 891 οὖσα
701 835 742 910 τῇ
760 833 840 909 ΔΑ,
858 825 879 908 ἡ
898 823 935 890 δὲ
948 831 1014 890 ΑΖ
1032 825 1177 900 κάθετος
1285 843 1286 848 ’

162 931 215 997 ἐντὶ
237 934 298 1016 τὴν
317 937 346 996 Β
353 936 388 996 Γ.
425 935 535 1015 μεῖζον
556 940 616 996 τοῦ
637 935 743 997 ΑΒΓ
762 934 843 996 ἄλλο
865 936 1031 1015 τρίγωνον
1053 935 1175 1014 συστή-
1285 949 1286 968 ³

161 1045 286 1105 σασθαι
309 1041 371 1122 τὴν
394 1038 458 1103 ἆτὸ
481 1048 540 1122 τῆς
561 1048 711 1124 κορυφῆς
737 1037 790 1102 ἐστὶ
812 1041 875 1122 τὴν
897 1040 1090 1123 θιχοτομίαν
1116 1048 1176 1120 τῆς
1285 1095 1286 1106 .

161 1145 287 1230 βάσεως
306 1151 382 1228 ἴσην
403 1143 538 1231 ἑκατέρᾳ
556 1156 624 1209 τῶν
642 1150 723 1228 ΔΕ,
742 1151 814 1208 ΔΑ
835 1143 891 1208 καὶ
912 1145 1048 1230 προσέτι
1072 1149 1175 1228 λόγον

162 1255 238 1336 ἕχον
269 1253 352 1335 πρὸς
380 1253 417 1317 τὸ
445 1254 560 1334 ΑΒΓ,
592 1250 632 1315 ὃν
659 1250 679 1334 ἡ
711 1255 740 1314 Θ
769 1252 854 1334 πρὸς
879 1256 919 1316 Η
945 1255 1064 1335 μείζων
1091 1253 1176 1337 πρὸς
1285 1249 1286 1258 ’

110 1369 144 1418 10
163 1359 333 1424 ἐλάττονα·
366 1357 463 1441 ἐχέτω
491 1354 529 1421 δὲ
554 1357 575 1440 ἡ
606 1361 635 1421 Θ
666 1359 749 1442 πρὸς
776 1362 816 1421 Η
842 1361 943 1440 λόγον
969 1360 1014 1442 μὴ
1042 1362 1175 1442 μείζονα

162 1467 244 1550 ἥπερ
267 1463 288 1547 ἡ
310 1468 380 1528 ΑΒ
399 1466 482 1549 τρὸς
506 1468 581 1527 ΑΖ.

227 1569 353 1659 νέντρςο
380 1580 426 1655 τῷ
454 1577 502 1653 Δ,
535 1572 729 1654 διαστήματι
757 1567 794 1634 δὲ
820 1581 867 1658 τῷ
893 1578 964 1635 ΛΑ
990 1572 1173 1656 γεγράφθω
1285 1581 1286 1640 ζ

162 1679 293 1754 κύκλος·
317 1675 386 1760 ἣξει
409 1677 450 1761 δὴ
473 1674 529 1740 καὶ
552 1678 609 1741 διὰ
631 1686 691 1741 τοῦ
713 1682 756 1741 Ε·
780 1680 864 1742 ἔστω
887 1679 929 1761 δὴ
952 1678 970 1742 ὁ
994 1683 1069 1743 ΕΑ.

230 1783 299 1850 ἐπεὶ
325 1780 388 1850 οὖν
415 1784 433 1850 ὁ
460 1793 518 1868 τῆς
548 1788 577 1848 Θ
602 1785 685 1867 πρὸς
709 1788 748 1847 Η
771 1787 869 1866 λόγος
895 1784 936 1848 οὐ
963 1789 1082 1869 μειζων
1105 1783 1174 1849 ἐστὶ

112 1902 144 1950 15
163 1900 223 1956 τοῦ
245 1901 304 1975 τῆς
326 1896 397 1956 ΑΒ
418 1892 500 1976 πρὸς
518 1895 594 1974 ΑΖ,
616 1891 690 1973 ἤτοι
713 1891 731 1957 ὁ
755 1891 855 1966 αὐτός
873 1889 963 1956 ἐστιν
982 1889 1001 1974 ἢ
1021 1889 1174 1955 ἐλάττων.

237 2125 260 2173 1,
284 2117 344 2189 ις’]
366 2135 386 2186 p
404 2119 434 2171 et
455 2135 491 2171 m.
510 2132 565 2172 rec.
583 2117 617 2186 V,
641 2134 693 2172 om.
714 2118 767 2171 Vc.
804 2117 966 2172 Praemittit
983 2136 1014 2187 p:
1037 2118 1174 2187 τριγώνου

164 2185 302 2251 δοθέντος
324 2191 463 2257 σναληνοῦ
486 2188 535 2241 καὶ
559 2189 616 2242 ἀπὸ
641 2197 690 2258 τῆς
712 2196 838 2257 κορυφῆς
861 2188 907 2242 ἐπὶ
933 2189 984 2258 τὴν
1012 2187 1175 2259 ὃιγοτομὶαν

165 2269 214 2330 τῆς
249 2258 355 2331 βάσεως
386 2256 507 2384 ἓγμὲνς
539 2257 654 2322 εὐθείας
690 2259 755 2314 ἄλλο
787 2262 880 2328 μεῖζον
911 2258 1047 2330 τρίγωνον
1078 2260 1175 2328 συστή-

167 2335 281 2400 σασθαι,
299 2329 367 2385 ὥστε
413 2351 450 2399 ην
466 2279 517 2399 ὧν
533 2329 605 2402 ἔχειν
620 2331 672 2400 τὴν
688 2330 769 2402 βάσιν
787 2331 836 2384 καὶ
849 2331 900 2400 τὴν
917 2332 973 2385 ἀπὸ
987 2339 1036 2400 τῆς
1050 2339 1176 2401 κορυφῆς

167 2403 213 2458 ἐπὶ
226 2403 277 2473 τὴν
297 2399 460 2474 ὃιχοτομὶαν
478 2410 527 2472 τῆς
540 2401 646 2472 βάσεως
662 2411 696 2473 τῇ
714 2410 764 2456 τοῦ
778 2399 915 2464 δοθέντος
928 2403 1073 2473 τριγώνου,
1091 2401 1175 2472 λόγον

165 2473 197 2530 δὲ
222 2474 294 2546 ἔχειν
317 2474 387 2543 πρὸς
409 2474 440 2528 τὸ
464 2470 554 2528 δοθὲν
576 2472 725 2543 τρίγωνον,
748 2470 781 2527 ὃν
804 2472 904 2526 εὐθεῖά
921 2493 963 2535 τις
985 2471 1083 2541 μείζων
1106 2474 1176 2540 πρὸς

166 2545 312 2602 ἐλάττονα·
333 2548 378 2599 δεῖ
394 2545 424 2598 θ’
448 2543 498 2607 τὰς
511 2545 643 2607 τοιαύτας
657 2541 771 2606 εὐθείας
785 2543 868 2613 λόγον
884 2543 956 2614 ἔχειν
973 2545 1044 2613 πρὸς
1058 2544 1176 2612 ἀλλήλας

165 2566 491 2746 ιννινιιῖθιέ
507 2635 535 2742 ι
548 2615 849 2756 pamas
864 2612 1175 2755 ινδιξατιο-

167 2767 222 2830 φῇς
241 2759 287 2812 ἐπὶ
305 2709 356 2828 τθν
375 2708 626 2829 βοθαινξτιτιτούσῖγς
639 2707 802 2812 ιιιιθε’τον.γμ
818 2707 852 2811 νὲ
870 2755 1006 2826 τρίγωνον
1025 2707 1175 2829 θθθέν]ρτὸ

166 2827 256 2885 θοθὲν
275 2829 414 2898 σκαληνὸν
432 2827 568 2899 τρίγωνον
585 2847 612 2898 p.
668 2827 818 2899 σκαληνόν]
838 2845 891 2884 om.
905 2847 932 2898 p.
990 2834 1014 2883 3.
1034 2829 1105 2900 ΑΓ]
1125 2832 1180 2883 ΒΓ

166 2901 248 3024 ch,
268 2917 337 2954 corr.
353 2899 456 2954 Oomm.
524 2901 542 2969 ἡ
562 2897 593 2954 δὲ
609 2903 664 2953 ΒΓ
674 2898 765 2970 βασις]
780 2897 828 2954 καί
841 2918 868 2969 p.
938 2901 1005 2971 ΒΓ]
1020 2904 1041 2953 Β
1056 2916 1137 2954 euan.
1153 2916 1174 2953 ο.

203 2973 279 3042 θχα]
298 2971 315 3040 ἡ
331 2974 386 3024 ΒΓ
401 2970 481 3040 βάσις
494 2968 559 3042 δίχα
573 2989 600 3040 p.
673 2978 697 3025 4.
717 2969 861 3042 ual(alt.)]
881 2987 933 3025 om.
948 2988 975 3039 p.
1043 2968 1127 3040 ἠμέν
1141 3003 1176 3010 -

167 3049 190 3097 6,
211 3042 412 3113 συστήσασθαι]
436 3041 516 3112 ἤχθω
538 3039 569 3096 δὲ
588 3042 712 3096 ἀπὸτοῦ
731 3048 752 3094 Α
776 3042 825 3097 καὶ
845 3040 967 3104 κάθετος
990 3041 1035 3096 ἐπὶ
1053 3042 1105 3111 τὴν
1125 3045 1180 3096 ΒΓ

166 3112 249 3185 βάσιν
267 3114 284 3183 ἡ
303 3117 367 3180 ΑΖ,
391 3113 440 3168 καὶ
458 3110 524 3167 δέον
545 3112 610 3166 ἔστω
634 3112 699 3167 ἄλλο
721 3115 814 3181 μεῖζον
832 3111 967 3182 τρίγωνον
986 3112 1176 3180 συστήσασθαι

167 3185 213 3240 ἐπὶ
231 3193 280 3255 τῆς
295 3189 350 3239 ΒΓ
364 3203 390 3254 p.
447 3189 471 3239 8.
488 3181 604 3257 ἑκατέρᾳ
619 3215 652 3223 -
667 3185 733 3272 ΔΑ]
752 3182 815 3254 ἔχον
834 3193 867 3255 τῇ
881 3190 934 3238 ΑΔ
951 3202 978 3253 p.
1034 3190 1058 3238 9.
1078 3185 1175 3255 ΑΒΓ]

167 3260 250 3312 ΑΒΓ
265 3253 401 3326 τρίγωνον
419 3273 446 3325 p.
528 3257 604 3310 Θ-
624 3260 664 3309 10.
686 3254 830 3326 ἐλαττονα]
852 3258 876 3310 Θ
894 3253 992 3324 μείζων
1011 3256 1081 3323 πρὸς
1100 3253 1176 3308 adv-
1275 3261 1276 3272 ¹

167 3348 238 3384 τονα
256 3329 309 3398 τὴν
328 3331 357 3381 Η
373 3345 399 3396 p.
462 3331 502 3380 10.
523 3327 566 3398 H]
585 3326 636 3395 τὴν
656 3329 685 3378 Η
699 3344 727 3395 p.
792 3332 833 3380 11.
852 3325 936 3397 ἥπερ]
954 3334 1004 3381 τοῦ
1023 3324 1057 3380 ὃν
1077 3325 1132 3414 ἔχει
1150 3344 1175 3395 p.

203 3401 276 3471 ΔΒ]
300 3403 352 3453 ΔΑ
371 3417 397 3468 p.
470 3397 537 3469 AZ]
562 3414 630 3451 corr.
650 3413 684 3449 ex
702 3401 784 3450 ΔΑΖ
802 3416 838 3452 m.
859 3404 872 3450 1
893 3415 915 3451 ο.
999 3403 1039 3451 12.
1060 3397 1174 3470 κεντρῳ]

168 3469 248 3540 ἤχθω
267 3470 323 3524 ἀπὸ
342 3477 392 3524 τοῦ
407 3475 432 3524 Δ
450 3468 520 3536 πρὸς
539 3467 629 3536 ὀρθὰς
646 3467 704 3536 ὴΔ
714 3472 735 3521 Ε
753 3468 802 3522 καὶ
820 3465 923 3536 κέντρω
941 3487 968 3538 p.
1023 3465 1127 3536 τιέντρω
1142 3500 1175 3508 -

168 3542 233 3612 ΔΑ]
261 3557 313 3595 om.
343 3557 365 3595 ο.
475 3537 627 3609 γεγράφθω
650 3570 686 3578 —-
710 3545 751 3593 13,
777 3541 844 3611 ΕΑ]
876 3525 979 3595 ιιθιιλον
1011 3523 1175 3607 περιφέρεια
