2574 3882
151 173 194 236 60
420 173 508 224 ΠΕΡΙ
526 174 742 225 ΚΤΛΙΝΔΡΟΤ
760 174 896 226 ΤΟΜΗΣ.

218 316 376 381 ἐκκείσθω
400 319 564 402 τρίγωνον
588 317 754 400 σκαληνὸν
777 317 814 380 τὸ
834 319 939 381 ΑΒΓ
954 313 1006 380 έπὶ
1025 325 1083 400 τῆς
1103 320 1174 381 ΒΓ

151 423 278 506 βάσεως
301 424 377 506 δίχα
396 422 594 508 τεμνομένης
612 425 694 487 κατὰ
712 423 750 488 τὸ
771 428 814 506 Δ,
832 421 888 487 καί
906 426 1024 507 μείζων
1043 425 1126 487 ἐστω
1146 423 1166 506 ἤ

151 534 217 594 ΑΒ
236 539 294 612 τῆς
311 533 382 613 ΑΓ,
405 527 460 593 καὶ
482 531 564 614 πρὸς
582 538 621 614 τη
642 531 706 593 ΓΑ
725 529 840 616 εὐθείᾳ
858 527 913 593 καὶ
932 538 978 617 τῳ
992 533 1024 592 Α
1043 531 1166 616 σημείῳ

152 636 339 700 συνεστάτω
369 639 474 718 γωνία
503 635 524 718 ἡ
553 635 618 700 ὑπὸ
648 647 716 701 τῶν
746 639 825 719 ΓΑ,
848 641 917 700 ΑΕ
944 637 1017 718 ἤτοι
1047 639 1169 720 μείζων

119 755 134 802 5
154 737 238 807 οὖσα
257 751 314 826 τῆς
330 742 396 807 ὑπὸ
415 753 482 806 τῶν
496 747 529 805 Α
534 747 573 824 Β,
588 745 655 806 ΒΓ
668 741 689 825 ἤ
709 742 867 825 ἐλάσσων,
885 740 941 806 καὶ
955 741 1167 825 συμπιπτέτω

140 847 172 930 ,ἤ
201 853 269 912 ΑΕ
293 859 332 934 τῇ
361 852 459 913 ΒΓΕ
484 849 566 912 κατὰ
594 850 630 914 τὸ
658 854 703 933 Ε,
729 847 785 914 καὶ
811 859 879 913 τῶν
902 853 975 932 ΒΕ,
999 851 1066 912 ΕΓ
1084 848 1167 932 μέση

153 954 318 1038 άνάλογον
346 958 427 1020 ἐστω
456 954 476 1038 ἤ
503 960 581 1039 ΕΖ,
604 953 659 1019 καὶ
687 955 870 1038 ἐπεζεύχθω
894 954 914 1037 ἤ
938 961 970 1019 Α
977 959 1018 1038 Ζ,
1046 953 1099 1019 καὶ
1127 965 1168 1042 τῇ

152 1067 221 1126 ΑΕ
246 1062 455 1148 παράλληλος
483 1061 519 1126 έν
546 1071 591 1150 τῳ
619 1063 770 1149 τριγώνῳ
799 1062 928 1145 διῆχθω
956 1060 976 1144 ἤ
1002 1065 1088 1144 ΘΗ,
1111 1061 1169 1126 καὶ

153 1169 208 1232 διά
235 1181 302 1234 τών
328 1173 370 1251 Θ,
393 1173 433 1232 Η
456 1171 600 1252 σημείων
627 1179 666 1254 τῇ
692 1175 724 1233 Α
731 1173 758 1232 Ζ
780 1169 984 1252 παράλληλοι
1006 1169 1170 1251 ἤχθωσαν

100 1288 133 1336 10
152 1277 189 1340 αί
212 1278 290 1358 ΘΚ,
311 1278 385 1338 ΑΗ
388 1279 435 1358 Μ,
458 1273 513 1339 καὶ
536 1273 832 1359 συμπεπληρώσθω
851 1275 888 1338 τὸ
907 1277 988 1338 ΚΜ
1001 1278 1170 1357 παραλλη-

154 1383 360 1464 λόγραμμον,
383 1378 439 1444 καὶ
468 1381 523 1444 διά
551 1389 608 1464 τῆς
631 1385 696 1444 ΒΕ
722 1379 883 1464 ἀχθέντος
906 1378 1061 1444 ἐπιπέδου
1084 1381 1171 1466 πρὸς

153 1486 259 1572 ὀρθάς
277 1495 322 1572 τῳ
337 1489 442 1550 ΒΑΕ
459 1485 600 1574 ἐπιπέδῳ
619 1487 801 1571 γεγράφθω
822 1486 858 1550 ἐν
872 1495 917 1574 τῷ
937 1485 1074 1570 άχθέντι
1092 1485 1170 1572 περὶ

152 1589 213 1677 μὲν
235 1593 296 1676 τῆν
314 1595 383 1656 ΚΛ
402 1592 579 1677 διάμετρον
597 1592 615 1658 δ
634 1596 742 1658 ΚΝΑ
760 1594 880 1669 κύκλος
899 1593 995 1676 βάσις
1013 1591 1172 1676 ἐσόμενος

152 1700 344 1784 κυλίνδρου,
360 1695 400 1764 οὗ
414 1700 451 1763 τὸ
467 1699 523 1762 διὰ
536 1708 596 1764 τοῦ
610 1698 727 1777 άξονος
740 1701 1083 1786 παραλληλόγραμμόν
1098 1699 1171 1763 ἐστι

101 1819 133 1866 15
153 1807 190 1870 τὸ
218 1809 308 1890 ΚΜ,
336 1804 411 1891 περὶ
439 1801 476 1870 δέ
503 1807 563 1889 τῆν
591 1809 659 1870 ΒΓ
682 1807 858 1890 διάμετρον
886 1806 903 1872 ὁ
930 1805 1030 1879 ΒΞΓ
1047 1807 1173 1884 κύκλος

153 1912 249 1996 βάσις
272 1911 425 1996 ἐσόμενος
448 1913 569 1995 κώνου,
594 1909 634 1977 οὗ
657 1914 694 1978 τὸ
714 1913 770 1976 διά
788 1922 849 1977 τοῦ
868 1910 985 1990 άξονος
1002 1915 1172 1999 τρίγωνόν

153 2019 222 2084 ἐστι
241 2020 278 2083 τὸ
297 2022 407 2102 ΑΒΓ,
430 2017 486 2084 καὶ
504 2028 562 2102 τῆς
583 2023 656 2084 ΘΗ
671 2018 886 2103 ἐκβληθείσης
905 2017 957 2084 ἐπὶ
976 2020 1013 2084 τὸ
1029 2024 1057 2084 0
1071 2021 1171 2103 ἤχθω

152 2126 235 2210 πρὸς
258 2125 365 2210 ὀρθάς
387 2135 426 2210 τη
445 2126 547 2208 ΒΕῆ
568 2130 640 2190 ΟΠ
659 2125 695 2190 ἐν
718 2135 763 2214 τῳ
787 2137 855 2190 τῶν
873 2127 1005 2190 κύκλων
1023 2124 1172 2213 ἐπιπέδῳ

154 2227 247 2314 οὖσα,
270 2230 325 2295 καὶ
347 2233 441 2315 ἤχθω
466 2233 521 2296 διὰ
544 2242 611 2296 τῶν
639 2237 807 2316 ΟΠ,οΘ
832 2232 974 2298 εύθειών
998 2231 1171 2297 ἐπίπεδον·

101 2351 135 2398 20
154 2340 282 2421 ποιῆσει
311 2339 352 2422 δὴ
380 2339 485 2422 τομῆν
513 2338 549 2403 έν
576 2348 621 2426 τῳ
645 2340 740 2426 κώνῳ
764 2349 809 2426 τῳ
834 2337 888 2403 ἐπὶ
910 2347 967 2422 τῆς
990 2337 1091 2412 ΒΞΓ
1108 2338 1171 2421 βά-

154 2462 244 2522 σεως.
280 2449 413 2510 ποιείτω
433 2447 494 2529 τῆν
510 2449 626 2510 ΘΡΗ·
643 2445 670 2528 ἤ
691 2449 763 2510 ΘΗ
777 2447 841 2529 άρα
861 2444 976 2510 εὐθεῖα
995 2444 1173 2530 διάμετρός

154 2551 222 2617 ἐστι
245 2561 302 2636 τῆς
325 2561 434 2637 τομῆς.
470 2561 529 2635 τῆς
552 2547 614 2618 οὖν
635 2555 708 2616 ΘΗ
727 2552 803 2635 δίχα
826 2554 1006 2635 τμηθείσης
1028 2552 1172 2616 κατὰτὸ

153 2663 189 2722 Σ
203 2661 424 2743 κατῆχθωσαν
443 2657 647 2742 τεταγμένως
666 2656 715 2722 ἐπ’
738 2658 842 2741 αὐτῆν
861 2656 999 2742 δευτέρα
1016 2653 1077 2742 μὲν
1096 2659 1171 2722 διά-

153 2788 270 2851 μετρος
297 2765 317 2848 ἤ
341 2770 406 2829 ΡΣ
414 2769 453 2848 Τ,
481 2753 626 2848 τυχοῦσα
649 2761 686 2828 δέ
709 2763 728 2846 ἤ
757 2768 834 2847 ΤΦ,
857 2762 912 2828 καὶ
935 2762 1100 2847 γενέσθω,
1124 2764 1174 2840 ώς

100 2882 134 2931 25
154 2872 190 2935 τὸ
219 2870 282 2935 άπὸ
310 2880 368 2954 τῆς
397 2875 469 2934 ΘΗ
493 2869 670 2956 διαμέτρου
699 2879 755 2953 τῆς
780 2875 883 2935 ΘΡΗ
902 2879 1002 2954 τομῆς
1024 2872 1107 2955 πρὸς
1131 2873 1171 2936 τὸ

155 3077 368 3086 ..—.-—-.-.-..

199 3212 249 3287 -3,
277 3203 326 3274 τῇ]
350 3202 404 3258 inc.
428 3203 571 3274 f01.177r‚
597 3223 652 3274 mg.
673 3223 732 3274 sup.
751 3223 787 3259 m.
808 3211 837 3259 2:
865 3211 947 3258 τοῦτο
970 3207 1089 3275 ζητεῖται
1113 3207 1170 3274 πρὸ

154 3297 225 3363 φνλλ
240 3291 275 3358 ἐξ.
330 3290 532 3367 τῷΑοημείῳ]
551 3299 589 3366 τῷ
606 3293 676 3362 πρὸς
691 3296 761 3366 αὐτῇ
776 3291 878 3366 σημείῳ
893 3297 966 3366 τῷΑ
984 3311 1011 3362 p.
1067 3303 1091 3348 4.
1111 3303 1168 3349 τῶν

155 3369 214 3434 ΓΑ,
227 3365 297 3435 ΑΕ]
318 3367 399 3418 ΓΑΕ
416 3383 443 3433 p.
530 3369 554 3420 5.
578 3374 633 3421 τεν
651 3371 710 3434 AB,
731 3367 801 3436 ΒΓ]
820 3369 904 3418 ΑΒΓ
918 3383 944 3433 p.
1033 3363 1171 3436 ἐλάσσων]

154 3452 257 3578 ἑχεὲχχ,
290 3455 322 3505 ut
346 3452 516 3522 saepissime.
613 3461 637 3508 6.
667 3455 765 3524 ΒΓΕ]
792 3457 891 3521 ΒΓΡ.
992 3461 1033 3509 25.
1065 3455 1169 3525 ΘΡΗ]

261 3540 283 3576 ο,
