2574 3882
172 203 213 267 78
439 206 527 256 ΠΕΡΙ
544 205 760 258 ΚΤΛΙΝΔΡΟΤ
777 205 914 258 ΤΟΜΗΣ.

169 355 203 412 A
209 351 241 411 Γ
257 350 552 432 παραβαλλόμενον
568 348 777 434 ὑπερβάλλον
795 349 876 413 εῖδει
894 351 1087 436 τετραγώνῳ
1108 355 1186 415 ἴσον

169 464 215 542 τῷ
238 453 301 519 ἀπὸ
325 462 383 537 τῆς
402 457 462 518 ΓΒ
485 455 689 542 τετραγώνῳ,
713 456 750 519 ιδ
773 457 839 541 ἄρα
855 455 921 520 ὑπὸ
939 467 1006 520 τῶν
1025 463 1106 540 ΑΛ,
1121 461 1192 521 ΔΓ

170 567 245 626 ἴσον
273 559 340 626 έστλ
367 571 412 650 τῳ
441 561 504 627 ἀπὸ
532 571 590 645 τῆς
613 565 674 626 ΓΒ
697 562 901 650 τετραγώνῳ.
951 563 1034 627 ἀλλὰ
1057 565 1093 628 τὸ
1117 564 1184 628 ἀπὸ

169 675 228 749 τῆς
251 670 312 731 ΓΒ
335 677 394 733 τοῦ
418 667 481 733 ιἰπδ
505 677 563 751 τῆς
584 673 654 732 ΑΛ
677 669 738 733 οὐκ
762 671 911 733 ἔλαττον·
940 669 980 732 οὐ
1003 670 1067 754 γδιρ
1091 669 1185 734 ἐλατ-

135 788 237 838 5των
259 773 280 857 ἡ
303 779 369 838 ΑΒ
392 785 450 858 τῆς
473 777 543 839 ΑΓ
562 771 640 839 οὐδὲ
662 773 683 857 ἡ
708 777 769 839 ΓΒ
793 784 851 858 τῆς
873 780 956 839 ΑΛ·
979 774 1034 839 καὶ
1058 777 1094 840 τὸ
1118 778 1186 862 ἄρα

169 881 234 946 ὑπὸ
259 892 326 946 τών
349 887 434 965 ΑΛ,
457 887 491 945 Λ
497 884 529 945 Γ
546 890 607 945 τοῦ
631 880 694 945 ἀπὸ
717 889 775 964 τῆς
797 887 867 945 ΑΛ
889 884 1098 967 τετραγώνου
1121 884 1186 948 οὔκ

170 987 260 1054 ἐστιν
278 992 427 1054 ἔλαττον·
447 988 526 1074 ὅπερ
545 987 721 1052 ἀδύνατον.
753 989 790 1052 τὸ
810 984 847 1051 δὲ
865 988 945 1052 αὐτὸ
961 989 1185 1074 δειχθήσεται,

169 1098 201 1160 εί
220 1094 276 1160 καὶ
299 1095 443 1162 ἐλάττων
466 1103 523 1179 τῆς
547 1097 611 1158 ΓΛ
633 1093 812 1176 ὑποτεθείη
835 1097 989 1176 γίνεσθαι
1013 1096 1033 1179 ἡ
1056 1098 1185 1183 πλευρὰ

169 1211 229 1266 τοῦ
251 1202 511 1288 ὑπερβλήματος.

117 1319 150 1368 10
236 1308 319 1373 ἀλλὰ
347 1309 388 1391 δὴ
415 1308 516 1372 πάλιν
543 1311 626 1373 ἔστω
654 1308 780 1394 πλευρδι
806 1316 866 1372 τοῦ
889 1309 1184 1394 ὑπερβλήματοςὴ

170 1417 240 1478 ΓΒ.
287 1416 377 1478 ἔσται
404 1416 468 1499 ἄρα
495 1415 532 1478 τὸ
560 1413 625 1478 ὑπὸ
653 1425 720 1478 τῶν
748 1418 828 1497 ΑΒ,
852 1418 920 1478 ΒΓ
943 1421 1017 1480 ἴσον
1043 1425 1089 1504 τῳ
1117 1415 1184 1480 ἀπὸ

168 1530 226 1604 τῆς
250 1523 310 1584 ΓΒ
338 1522 545 1606 τετραγώνῳ·
579 1521 658 1606 ὅπερ
686 1519 862 1585 ἀδύνατον.
908 1522 945 1586 τὸ
968 1522 1049 1587 αὐτὸ
1074 1520 1124 1605 δέ,
1152 1525 1185 1587 εί

168 1624 224 1690 καὶ
250 1630 368 1710 μείζων
390 1635 448 1710 τῆς
468 1630 527 1691 ΓΒ
550 1625 728 1709 ὑποτεθείη
751 1630 906 1709 γίνεσθαι
929 1628 950 1711 ἡ
972 1630 1098 1714 πλευρὰ
1121 1638 1183 1694 τοῦ

168 1732 427 1820 ὑπερβλήματος.

116 1852 149 1901 15
235 1840 255 1924 ἡ
278 1842 342 1927 ἄρα
365 1841 491 1926 πλευρὰ
513 1848 573 1904 τοῦ
595 1839 845 1926 ὑπερβλήμαιος
867 1844 985 1925 μείζων
1009 1844 1099 1906 ἔσται
1122 1851 1182 1926 τῆς

169 1950 244 2031 ΓΛ,
268 1945 411 2012 ἐλάττων
434 1943 471 2011 δὲ
493 1955 551 2030 τῆς
575 1950 644 2011 ΓΒ.

641 2141 703 2211 κε’.

233 2266 428 2352 Κυλίνδρου
465 2264 625 2343 δοθέντος
660 2265 860 2351 τετμημένου
898 2267 1040 2345 ἐλλείψει
1071 2279 1182 2335 κῶνον

168 2375 397 2457 συστήσασθαι
420 2370 473 2438 έπλ
496 2381 553 2456 τῆς
572 2372 673 2456 αὐτῆς
690 2373 817 2457 βάσεως
835 2383 895 2438 τοῦ
913 2375 1096 2459 κυλίνδρου
1114 2376 1181 2441 ὑπὸ

114 2491 148 2540 νο
166 2481 204 2545 τὸ
232 2481 313 2545 αὐτὸ
340 2479 426 2558 ὕψος
451 2482 531 2545 ὄντα
553 2477 676 2567 καὶτῷ
700 2480 790 2568 αὐτῷ
814 2479 955 2568 ἐπιπέδῳ
980 2485 1182 2566 τεμνόμενον

167 2586 222 2652 καὶ
235 2597 396 2653 ποιοῦντα
410 2587 529 2672 ὁμοίαν
543 2589 689 2664 ἔλλειψιν
703 2597 742 2673 τῇ
757 2595 816 2651 τοῦ
830 2588 1013 2672 κυλίνδρου
1028 2587 1181 2667 ἐλλείψει.

234 2698 315 2760 έστω
339 2695 356 2760 ὁ
380 2692 495 2770 δοθεὶς
517 2695 711 2780 κύλινδρος,
735 2689 776 2759 οὗ
799 2691 895 2777 βοίσις
917 2690 978 2777 μὲν
1001 2693 1019 2759 ὁ
1042 2692 1118 2780 περὶ
1142 2697 1180 2760 τὸ

166 2807 199 2865 A
225 2800 364 2886 κέντρον
391 2802 525 2884 κύκλος,
552 2802 589 2865 τὸ
614 2797 650 2864 δέ
673 2801 729 2866 διὰ
751 2809 811 2865 τοῦ
835 2798 951 2878 ἄξονος
973 2805 1181 2886 παραλληλό-

166 2930 319 2992 γραμμον
345 2907 382 2970 τὸ
405 2909 483 2990 ΒΓ,
507 2905 544 2971 έν
567 2900 594 2993 ᾧ
621 2905 795 2993 διάμετρος
818 2916 875 2990 τῆς
898 2908 1055 2990 δοθείσης
1078 2907 1180 2972 έλλεί-

113 3025 147 3074 25
166 3022 254 3090 ψεως
276 3011 296 3094 ἡ
315 3017 392 3096 ΕΔ,
415 3013 487 3094 ἥτις
510 3011 708 3096 ἐκβληθεῖσα
726 3011 935 3098 συμπιπτέτω
953 3023 993 3099 τῇ
1013 3018 1079 3078 BA
1097 3016 1181 3079 κατὰ

166 3120 203 3184 τὸ
224 3123 262 3203 Ζ,
284 3116 339 3183 καὶ
361 3128 400 3204 τῇ
419 3123 486 3183 ΛΖ
509 3119 565 3184 διὰ
588 3129 648 3184 τοῦ
669 3123 702 3184 Γ
718 3120 927 3206 παράλληλος
948 3121 1043 3204 ἤχθω
1066 3121 1086 3205 ἡ
1112 3125 1183 3185 ΓΗ

166 3228 399 3313 συμπίπτουσα
421 3236 460 3311 τῇ
484 3229 551 3290 ΒΑ
572 3227 655 3290 κατὰ
678 3228 714 3292 τὸ
734 3231 778 3311 Η,
802 3225 856 3292 καὶ
879 3230 1179 3314 προσεκβεβλήσθω

166 3335 186 3419 ἡ
211 3338 312 3399 m
334 3333 456 3398 εὐθεῖα.

238 3497 261 3545 3.
280 3492 454 3564 τετραγώνῳ]
474 3507 526 3545 om.
546 3509 572 3559 p.
655 3497 679 3544 8.
700 3490 725 3544 εἰ
742 3488 807 3561 καί]
826 3490 875 3544 κοιλ
894 3490 918 3544 εί
936 3509 963 3559 p.
1046 3497 1086 3544 11.
1109 3495 1178 3563 ΓΒ]

166 3579 242 3632 vop,
262 3579 329 3617 corr.
350 3579 384 3616 ex
403 3565 452 3616 ΓΔ
470 3580 506 3617 m.
527 3568 540 3615 1
560 3562 593 3617 V.
650 3568 691 3615 12.
710 3563 884 3634 τετραγώνῳ]
903 3577 956 3615 om.
975 3579 1002 3630 p.
1058 3562 1126 3616 αὐτό
1145 3596 1178 3605 -
