<?xml version="1.0" encoding="UTF-8"?>
<!DOCTYPE html PUBLIC "-//W3C//DTD XHTML 1.0 Transitional//EN"
    "http://www.w3.org/TR/xhtml1/DTD/xhtml1-transitional.dtd">
<html xmlns="http://www.w3.org/1999/xhtml" xml:lang="en" lang="en">
 <head>
  <title>
</title>
<meta http-equiv="Content-Type" content="text/html;charset=utf-8" />
  <meta name='ocr-system' content='tesseract 3.04.00' />
  <meta name='ocr-capabilities' content='ocr_page ocr_carea ocr_par ocr_line ocrx_word'/>
</head>
<body>
  <div class='ocr_page' id='page_1' title='image "./sereniantinoens02heibgoog_0094.png"; bbox 0 0 2574 3882; ppageno 0'>
   <div class='ocr_carea' id='block_1_1' title="bbox 161 223 905 286">
    <p class='ocr_par' dir='ltr' id='par_1_1' title="bbox 161 223 905 286">
     <span class='ocr_line' id='line_1_1' title="bbox 161 223 905 286; baseline 0.004 -15"><span class='ocrx_word' id='word_1_1' title='bbox 161 223 203 286; x_wconf 77' lang='lat'><strong><em>70</em></strong></span> <span class='ocrx_word' id='word_1_2' title='bbox 430 223 518 272; x_wconf 86' lang='grc' dir='ltr'><strong><em>ΠΕΡΙ</em></strong></span> <span class='ocrx_word' id='word_1_3' title='bbox 535 223 751 275; x_wconf 80' lang='grc' dir='ltr'><strong>ΚΤΑΙΝΔΡΟΤ</strong></span> <span class='ocrx_word' id='word_1_4' title='bbox 769 223 905 274; x_wconf 87' lang='grc' dir='ltr'><strong>ΤΟΜΗΣ.</strong></span> 
     </span>
    </p>
   </div>
   <div class='ocr_carea' id='block_1_2' title="bbox 125 361 1179 1093">
    <p class='ocr_par' dir='ltr' id='par_1_2' title="bbox 158 361 1179 774">
     <span class='ocr_line' id='line_1_2' title="bbox 158 361 1177 452; baseline -0.002 -22"><span class='ocrx_word' id='word_1_5' title='bbox 158 390 219 450; x_wconf 91' lang='grc' dir='ltr'><strong><em>μεν</em></strong></span> <span class='ocrx_word' id='word_1_6' title='bbox 237 377 356 449; x_wconf 83' lang='grc' dir='ltr'><strong><em>κῶνον,</em></strong></span> <span class='ocrx_word' id='word_1_7' title='bbox 379 361 420 430; x_wconf 85' lang='grc' dir='ltr'><strong><em>ού</em></strong></span> <span class='ocrx_word' id='word_1_8' title='bbox 442 363 539 449; x_wconf 82' lang='grc' dir='ltr'><strong><em>βάσις</em></strong></span> <span class='ocrx_word' id='word_1_9' title='bbox 559 365 577 430; x_wconf 99' lang='lat'><em>6</em></span> <span class='ocrx_word' id='word_1_10' title='bbox 595 363 671 450; x_wconf 79' lang='grc' dir='ltr'><strong><em>περὶ</em></strong></span> <span class='ocrx_word' id='word_1_11' title='bbox 689 364 867 452; x_wconf 77' lang='grc' dir='ltr'><strong><em>διάμετρον</em></strong></span> <span class='ocrx_word' id='word_1_12' title='bbox 885 367 946 450; x_wconf 78' lang='grc' dir='ltr'><strong><em>τὴν</em></strong></span> <span class='ocrx_word' id='word_1_13' title='bbox 965 364 1026 438; x_wconf 76' lang='grc' dir='ltr'><strong><em>ΡΞ</em></strong></span> <span class='ocrx_word' id='word_1_14' title='bbox 1042 365 1177 448; x_wconf 79' lang='grc' dir='ltr'><strong><em>κύκλος,</em></strong></span> 
     </span>
     <span class='ocr_line' id='line_1_3' title="bbox 159 469 1179 557; baseline -0.002 -19"><span class='ocrx_word' id='word_1_15' title='bbox 159 476 197 538; x_wconf 92' lang='grc' dir='ltr'><strong><em>τὸ</em></strong></span> <span class='ocrx_word' id='word_1_16' title='bbox 221 470 258 538; x_wconf 75' lang='grc' dir='ltr'><strong><em>δέ</em></strong></span> <span class='ocrx_word' id='word_1_17' title='bbox 281 474 337 537; x_wconf 80' lang='grc' dir='ltr'><strong><em>διὰ</em></strong></span> <span class='ocrx_word' id='word_1_18' title='bbox 359 481 419 537; x_wconf 88' lang='grc' dir='ltr'><strong><em>τοῦ</em></strong></span> <span class='ocrx_word' id='word_1_19' title='bbox 442 471 559 550; x_wconf 75' lang='grc' dir='ltr'><strong><em>ἄξονος</em></strong></span> <span class='ocrx_word' id='word_1_20' title='bbox 581 476 746 557; x_wconf 90' lang='grc' dir='ltr'><strong><em>τρίγωνον</em></strong></span> <span class='ocrx_word' id='word_1_21' title='bbox 769 474 806 538; x_wconf 90' lang='grc' dir='ltr'><strong><em>τὸ</em></strong></span> <span class='ocrx_word' id='word_1_22' title='bbox 825 472 932 555; x_wconf 76' lang='grc' dir='ltr'><strong><em>ΣΡΞ,</em></strong></span> <span class='ocrx_word' id='word_1_23' title='bbox 955 474 1046 537; x_wconf 77' lang='grc' dir='ltr'><strong><em>ἔσται</em></strong></span> <span class='ocrx_word' id='word_1_24' title='bbox 1063 469 1120 536; x_wconf 88' lang='grc' dir='ltr'><strong><em>καὶ</em></strong></span> <span class='ocrx_word' id='word_1_25' title='bbox 1139 470 1179 536; x_wconf 84' lang='grc' dir='ltr'><strong><em>ἐν</em></strong></span> 
     </span>
     <span class='ocr_line' id='line_1_4' title="bbox 159 575 1177 668; baseline -0.003 -23"><span class='ocrx_word' id='word_1_26' title='bbox 159 590 206 668; x_wconf 79' lang='grc' dir='ltr'><strong><em>τῳ</em></strong></span> <span class='ocrx_word' id='word_1_27' title='bbox 229 581 325 668; x_wconf 84' lang='grc' dir='ltr'><strong><em>κώνῳ</em></strong></span> <span class='ocrx_word' id='word_1_28' title='bbox 348 581 441 664; x_wconf 80' lang='grc' dir='ltr'><strong><em>τομή,</em></strong></span> <span class='ocrx_word' id='word_1_29' title='bbox 464 575 503 662; x_wconf 74' lang='lat'><em>69</em></span> <span class='ocrx_word' id='word_1_30' title='bbox 522 577 697 665; x_wconf 87' lang='grc' dir='ltr'><strong><em>διύμετρύς</em></strong></span> <span class='ocrx_word' id='word_1_31' title='bbox 715 579 804 644; x_wconf 82' lang='grc' dir='ltr'><strong><em>ἐστιν</em></strong></span> <span class='ocrx_word' id='word_1_32' title='bbox 827 579 847 662; x_wconf 89' lang='lat'><em>6</em></span> <span class='ocrx_word' id='word_1_33' title='bbox 870 583 910 644; x_wconf 91' lang='grc' dir='ltr'><strong><em>Ν</em></strong></span> <span class='ocrx_word' id='word_1_34' title='bbox 912 578 947 653; x_wconf 74' lang='grc' dir='ltr'><strong><em>Ξ.</em></strong></span> <span class='ocrx_word' id='word_1_35' title='bbox 992 578 1114 663; x_wconf 89' lang='grc' dir='ltr'><strong><em>ὁμοίως</em></strong></span> <span class='ocrx_word' id='word_1_36' title='bbox 1133 580 1177 663; x_wconf 85' lang='lat'><strong><em>66</em></strong></span> 
     </span>
     <span class='ocr_line' id='line_1_5' title="bbox 159 683 1177 774; baseline -0.001 -23"><span class='ocrx_word' id='word_1_37' title='bbox 159 699 230 763; x_wconf 81' lang='grc' dir='ltr'><strong><em>τοῖς</em></strong></span> <span class='ocrx_word' id='word_1_38' title='bbox 256 684 544 774; x_wconf 74' lang='grc' dir='ltr'><strong><em>προδεδειγμένοις</em></strong></span> <span class='ocrx_word' id='word_1_39' title='bbox 571 687 782 769; x_wconf 74' lang='grc' dir='ltr'><em>δειχθήσεται</em></span> <span class='ocrx_word' id='word_1_40' title='bbox 808 683 864 750; x_wconf 85' lang='grc' dir='ltr'><strong><em>καλ</em></strong></span> <span class='ocrx_word' id='word_1_41' title='bbox 891 685 911 768; x_wconf 93' lang='lat'><em>6</em></span> <span class='ocrx_word' id='word_1_42' title='bbox 941 683 1078 772; x_wconf 89' lang='grc' dir='ltr'><strong><em>δευτέρα</em></strong></span> <span class='ocrx_word' id='word_1_43' title='bbox 1102 684 1177 750; x_wconf 79' lang='grc' dir='ltr'><strong><em>διοί-</em></strong></span> 
     </span>
    </p>

    <p class='ocr_par' dir='ltr' id='par_1_3' title="bbox 125 789 1176 1093">
     <span class='ocr_line' id='line_1_6' title="bbox 125 789 1176 880; baseline 0.004 -27"><span class='ocrx_word' id='word_1_44' title='bbox 125 805 141 852; x_wconf 82' lang='grc'>5</span> <span class='ocrx_word' id='word_1_45' title='bbox 160 817 277 880; x_wconf 89' lang='grc' dir='ltr'><strong><em>μετρος</em></strong></span> <span class='ocrx_word' id='word_1_46' title='bbox 295 794 315 878; x_wconf 89' lang='lat'><em>6</em></span> <span class='ocrx_word' id='word_1_47' title='bbox 334 793 416 876; x_wconf 80' lang='grc' dir='ltr'><strong><em>αὐτὴ</em></strong></span> <span class='ocrx_word' id='word_1_48' title='bbox 435 789 519 858; x_wconf 86' lang='grc' dir='ltr'><strong><em>οὖσα</em></strong></span> <span class='ocrx_word' id='word_1_49' title='bbox 537 791 593 857; x_wconf 80' lang='grc' dir='ltr'><strong><em>καὶ</em></strong></span> <span class='ocrx_word' id='word_1_50' title='bbox 610 802 713 857; x_wconf 84' lang='grc' dir='ltr'><strong><em>πᾶσαι</em></strong></span> <span class='ocrx_word' id='word_1_51' title='bbox 731 795 769 858; x_wconf 87' lang='grc' dir='ltr'><strong><em>αί</em></strong></span> <span class='ocrx_word' id='word_1_52' title='bbox 784 791 988 877; x_wconf 78' lang='grc' dir='ltr'><strong><em>τεταγμένως</em></strong></span> <span class='ocrx_word' id='word_1_53' title='bbox 1005 792 1176 877; x_wconf 81' lang='grc' dir='ltr'><strong><em>ἀγόμεναι.</em></strong></span> 
     </span>
     <span class='ocr_line' id='line_1_7' title="bbox 159 898 1175 987; baseline -0.001 -22"><span class='ocrx_word' id='word_1_54' title='bbox 159 899 312 986; x_wconf 77' lang='grc' dir='ltr'><em>τέτμηται</em></span> <span class='ocrx_word' id='word_1_55' title='bbox 339 903 403 987; x_wconf 77' lang='grc' dir='ltr'><strong><em>ἄρα</em></strong></span> <span class='ocrx_word' id='word_1_56' title='bbox 430 898 486 964; x_wconf 86' lang='grc' dir='ltr'><strong><em>καὶ</em></strong></span> <span class='ocrx_word' id='word_1_57' title='bbox 513 899 531 965; x_wconf 94' lang='lat'><em>6</em></span> <span class='ocrx_word' id='word_1_58' title='bbox 558 910 664 975; x_wconf 80' lang='grc' dir='ltr'><strong><em>κῶνος</em></strong></span> <span class='ocrx_word' id='word_1_59' title='bbox 691 911 731 986; x_wconf 76' lang='grc' dir='ltr'><strong><em>τῇ</em></strong></span> <span class='ocrx_word' id='word_1_60' title='bbox 758 900 841 985; x_wconf 81' lang='grc' dir='ltr'><strong><em>αὐτῇ</em></strong></span> <span class='ocrx_word' id='word_1_61' title='bbox 870 899 1012 977; x_wconf 78' lang='grc' dir='ltr'><em>ἐλλείψει</em></span> <span class='ocrx_word' id='word_1_62' title='bbox 1034 907 1095 964; x_wconf 85' lang='grc' dir='ltr'><strong><em>τοῦ</em></strong></span> <span class='ocrx_word' id='word_1_63' title='bbox 1119 900 1175 964; x_wconf 93' lang='grc' dir='ltr'><strong><em>δο-</em></strong></span> 
     </span>
     <span class='ocr_line' id='line_1_8' title="bbox 158 1006 855 1093; baseline -0.004 -20"><span class='ocrx_word' id='word_1_64' title='bbox 158 1006 279 1085; x_wconf 87' lang='grc' dir='ltr'><strong><em>θέντος</em></strong></span> <span class='ocrx_word' id='word_1_65' title='bbox 300 1008 496 1092; x_wconf 89' lang='grc' dir='ltr'><strong><em>κυλίνδρου·</em></strong></span> <span class='ocrx_word' id='word_1_66' title='bbox 520 1006 599 1093; x_wconf 85' lang='grc' dir='ltr'><strong><em>ὅπερ</em></strong></span> <span class='ocrx_word' id='word_1_67' title='bbox 623 1007 689 1070; x_wconf 80' lang='grc' dir='ltr'><strong><em>ἔδει</em></strong></span> <span class='ocrx_word' id='word_1_68' title='bbox 712 1015 855 1090; x_wconf 79' lang='grc' dir='ltr'><strong><em>ποιῆσαι.</em></strong></span> 
     </span>
    </p>
   </div>
   <div class='ocr_carea' id='block_1_3' title="bbox 107 1262 1176 2088">
    <p class='ocr_par' dir='ltr' id='par_1_4' title="bbox 633 1262 697 1320">
     <span class='ocr_line' id='line_1_9' title="bbox 633 1262 697 1320; baseline -0.016 -17"><span class='ocrx_word' id='word_1_69' title='bbox 633 1262 697 1320; x_wconf 91' lang='grc' dir='ltr'><strong><em>κγ.</em></strong></span> 
     </span>
    </p>

    <p class='ocr_par' dir='ltr' id='par_1_5' title="bbox 107 1359 1176 1556">
     <span class='ocr_line' id='line_1_10' title="bbox 225 1359 1174 1448; baseline -0.003 -20"><span class='ocrx_word' id='word_1_70' title='bbox 225 1366 347 1428; x_wconf 84' lang='grc' dir='ltr'><strong><em>Κύνου</em></strong></span> <span class='ocrx_word' id='word_1_71' title='bbox 375 1361 536 1438; x_wconf 77' lang='grc' dir='ltr'><strong><em>δοθέντος</em></strong></span> <span class='ocrx_word' id='word_1_72' title='bbox 564 1363 675 1448; x_wconf 82' lang='grc' dir='ltr'><em>εὑρεῖν</em></span> <span class='ocrx_word' id='word_1_73' title='bbox 697 1363 880 1446; x_wconf 78' lang='grc' dir='ltr'><strong><em>κύλινδρον</em></strong></span> <span class='ocrx_word' id='word_1_74' title='bbox 903 1359 958 1426; x_wconf 77' lang='grc' dir='ltr'><strong><em>καί</em></strong></span> <span class='ocrx_word' id='word_1_75' title='bbox 981 1372 1091 1446; x_wconf 76' lang='grc' dir='ltr'><strong><em>τεμεῖν</em></strong></span> <span class='ocrx_word' id='word_1_76' title='bbox 1114 1359 1174 1444; x_wconf 82' lang='grc' dir='ltr'><strong><em>ἄμ-</em></strong></span> 
     </span>
     <span class='ocr_line' id='line_1_11' title="bbox 107 1465 1176 1556; baseline 0 -24"><span class='ocrx_word' id='word_1_77' title='bbox 107 1483 141 1532; x_wconf 85' lang='grc'><strong><em>10</em></strong></span> <span class='ocrx_word' id='word_1_78' title='bbox 160 1469 323 1556; x_wconf 82' lang='grc' dir='ltr'><strong><em>φοτέρους</em></strong></span> <span class='ocrx_word' id='word_1_79' title='bbox 346 1467 396 1534; x_wconf 84' lang='grc' dir='ltr'><strong><em>ἑνὶ</em></strong></span> <span class='ocrx_word' id='word_1_80' title='bbox 420 1467 562 1556; x_wconf 77' lang='grc' dir='ltr'><strong><em>ἐπιπέδῳ</em></strong></span> <span class='ocrx_word' id='word_1_81' title='bbox 587 1469 644 1532; x_wconf 85' lang='grc' dir='ltr'><strong><em>διὰ</em></strong></span> <span class='ocrx_word' id='word_1_82' title='bbox 666 1477 724 1552; x_wconf 74' lang='grc' dir='ltr'><strong><em>τῆς</em></strong></span> <span class='ocrx_word' id='word_1_83' title='bbox 746 1476 847 1552; x_wconf 80' lang='grc' dir='ltr'><strong><em>τομῆς</em></strong></span> <span class='ocrx_word' id='word_1_84' title='bbox 869 1476 1022 1533; x_wconf 86' lang='grc' dir='ltr'><strong><em>ποιοῦντι</em></strong></span> <span class='ocrx_word' id='word_1_85' title='bbox 1046 1467 1083 1532; x_wconf 83' lang='grc' dir='ltr'><strong><em>ἐν</em></strong></span> <span class='ocrx_word' id='word_1_86' title='bbox 1102 1465 1176 1531; x_wconf 83' lang='grc' dir='ltr'><strong><em>ἑκα-</em></strong></span> 
     </span>
    </p>

    <p class='ocr_par' dir='ltr' id='par_1_6' title="bbox 107 1574 1176 2088">
     <span class='ocr_line' id='line_1_12' title="bbox 159 1574 574 1664; baseline -0.007 -23"><span class='ocrx_word' id='word_1_87' title='bbox 159 1575 242 1664; x_wconf 88' lang='grc' dir='ltr'><strong><em>τέρῳ</em></strong></span> <span class='ocrx_word' id='word_1_88' title='bbox 267 1575 383 1660; x_wconf 83' lang='grc' dir='ltr'><strong><em>ὁμοίας</em></strong></span> <span class='ocrx_word' id='word_1_89' title='bbox 406 1574 574 1653; x_wconf 75' lang='grc' dir='ltr'><strong><em>ἐλλείψεις.</em></strong></span> 
     </span>
     <span class='ocr_line' id='line_1_13' title="bbox 226 1678 1176 1768; baseline 0 -22"><span class='ocrx_word' id='word_1_90' title='bbox 226 1683 379 1747; x_wconf 86' lang='grc' dir='ltr'><strong><em>δεδόσθω</em></strong></span> <span class='ocrx_word' id='word_1_91' title='bbox 403 1692 519 1765; x_wconf 81' lang='grc' dir='ltr'><strong><em>κῶνος,</em></strong></span> <span class='ocrx_word' id='word_1_92' title='bbox 544 1678 584 1748; x_wconf 87' lang='grc' dir='ltr'><strong><em>οὗ</em></strong></span> <span class='ocrx_word' id='word_1_93' title='bbox 602 1681 699 1766; x_wconf 79' lang='grc' dir='ltr'><strong><em>βάσις</em></strong></span> <span class='ocrx_word' id='word_1_94' title='bbox 716 1678 777 1766; x_wconf 73' lang='grc' dir='ltr'><strong><em>μὲν</em></strong></span> <span class='ocrx_word' id='word_1_95' title='bbox 798 1681 816 1747; x_wconf 94' lang='lat'><em>6</em></span> <span class='ocrx_word' id='word_1_96' title='bbox 834 1679 910 1768; x_wconf 81' lang='grc' dir='ltr'><strong><em>περὶ</em></strong></span> <span class='ocrx_word' id='word_1_97' title='bbox 929 1682 966 1747; x_wconf 86' lang='grc' dir='ltr'><strong><em>τὸ</em></strong></span> <span class='ocrx_word' id='word_1_98' title='bbox 985 1688 1018 1746; x_wconf 93' lang='grc' dir='ltr'><em>Α</em></span> <span class='ocrx_word' id='word_1_99' title='bbox 1035 1680 1176 1766; x_wconf 87' lang='grc' dir='ltr'><strong><em>κέντρον</em></strong></span> 
     </span>
     <span class='ocr_line' id='line_1_14' title="bbox 158 1784 1176 1874; baseline -0.002 -20"><span class='ocrx_word' id='word_1_100' title='bbox 158 1790 288 1873; x_wconf 83' lang='grc' dir='ltr'><strong><em>κύκλος,</em></strong></span> <span class='ocrx_word' id='word_1_101' title='bbox 311 1790 444 1874; x_wconf 78' lang='grc' dir='ltr'><strong><em>κορυφὴ</em></strong></span> <span class='ocrx_word' id='word_1_102' title='bbox 464 1785 501 1852; x_wconf 78' lang='grc' dir='ltr'><strong><em>δέ</em></strong></span> <span class='ocrx_word' id='word_1_103' title='bbox 519 1789 556 1853; x_wconf 92' lang='grc' dir='ltr'><strong><em>τὸ</em></strong></span> <span class='ocrx_word' id='word_1_104' title='bbox 575 1793 603 1852; x_wconf 91' lang='grc' dir='ltr'><strong><em>Β</em></strong></span> <span class='ocrx_word' id='word_1_105' title='bbox 623 1799 769 1872; x_wconf 79' lang='grc' dir='ltr'><strong><em>σημεῖον,</em></strong></span> <span class='ocrx_word' id='word_1_106' title='bbox 792 1789 829 1852; x_wconf 90' lang='grc' dir='ltr'><strong><em>τὸ</em></strong></span> <span class='ocrx_word' id='word_1_107' title='bbox 848 1784 886 1852; x_wconf 79' lang='grc' dir='ltr'><strong><em>δέ</em></strong></span> <span class='ocrx_word' id='word_1_108' title='bbox 904 1788 961 1852; x_wconf 82' lang='grc' dir='ltr'><strong><em>διὰ</em></strong></span> <span class='ocrx_word' id='word_1_109' title='bbox 979 1797 1038 1852; x_wconf 88' lang='grc' dir='ltr'><strong><em>τοῦ</em></strong></span> <span class='ocrx_word' id='word_1_110' title='bbox 1057 1786 1176 1866; x_wconf 80' lang='grc' dir='ltr'><strong><em>ἄξονος</em></strong></span> 
     </span>
     <span class='ocr_line' id='line_1_15' title="bbox 160 1893 1174 1984; baseline -0.003 -23"><span class='ocrx_word' id='word_1_111' title='bbox 160 1899 324 1984; x_wconf 90' lang='grc' dir='ltr'><strong><em>τρίγωνον</em></strong></span> <span class='ocrx_word' id='word_1_112' title='bbox 342 1897 379 1960; x_wconf 94' lang='grc' dir='ltr'><strong><em>τὸ</em></strong></span> <span class='ocrx_word' id='word_1_113' title='bbox 400 1898 499 1960; x_wconf 87' lang='grc' dir='ltr'><strong><em>ΓΒΔ</em></strong></span> <span class='ocrx_word' id='word_1_114' title='bbox 517 1897 600 1983; x_wconf 91' lang='grc' dir='ltr'><strong><em>πρὸς</em></strong></span> <span class='ocrx_word' id='word_1_115' title='bbox 618 1895 725 1982; x_wconf 88' lang='grc' dir='ltr'><strong><em>ὀρθδις</em></strong></span> <span class='ocrx_word' id='word_1_116' title='bbox 743 1893 783 1959; x_wconf 87' lang='grc' dir='ltr'><strong><em>δν</em></strong></span> <span class='ocrx_word' id='word_1_117' title='bbox 801 1903 841 1980; x_wconf 76' lang='grc' dir='ltr'><strong><em>τῇ</em></strong></span> <span class='ocrx_word' id='word_1_118' title='bbox 860 1894 955 1978; x_wconf 83' lang='grc' dir='ltr'><strong><em>βύσει</em></strong></span> <span class='ocrx_word' id='word_1_119' title='bbox 973 1903 1033 1959; x_wconf 84' lang='grc' dir='ltr'><strong><em>τοῦ</em></strong></span> <span class='ocrx_word' id='word_1_120' title='bbox 1052 1895 1174 1978; x_wconf 85' lang='grc' dir='ltr'><strong><em>κώνου,</em></strong></span> 
     </span>
     <span class='ocr_line' id='line_1_16' title="bbox 107 1999 1175 2088; baseline 0.003 -25"><span class='ocrx_word' id='word_1_121' title='bbox 107 2015 140 2064; x_wconf 81' lang='lat'><strong><em>15</em></strong></span> <span class='ocrx_word' id='word_1_122' title='bbox 159 2001 214 2067; x_wconf 85' lang='grc' dir='ltr'><strong><em>καὶ</em></strong></span> <span class='ocrx_word' id='word_1_123' title='bbox 237 2003 448 2086; x_wconf 75' lang='grc' dir='ltr'><strong><em>ἐκβεβλήσθω</em></strong></span> <span class='ocrx_word' id='word_1_124' title='bbox 474 2000 527 2086; x_wconf 83' lang='grc' dir='ltr'><strong><em>ἐφ’</em></strong></span> <span class='ocrx_word' id='word_1_125' title='bbox 549 2000 683 2088; x_wconf 78' lang='grc' dir='ltr'><strong><em>ἑκάτερα</em></strong></span> <span class='ocrx_word' id='word_1_126' title='bbox 706 2000 726 2084; x_wconf 98' lang='lat'><em>6</em></span> <span class='ocrx_word' id='word_1_127' title='bbox 748 2007 780 2065; x_wconf 88' lang='grc' dir='ltr'><em>Α</em></span> <span class='ocrx_word' id='word_1_128' title='bbox 787 2003 858 2085; x_wconf 91' lang='grc' dir='ltr'><strong><em>ΓΕ,</em></strong></span> <span class='ocrx_word' id='word_1_129' title='bbox 878 2006 948 2065; x_wconf 91' lang='grc' dir='ltr'><strong><em>ΑΔ</em></strong></span> <span class='ocrx_word' id='word_1_130' title='bbox 954 2005 992 2085; x_wconf 92' lang='grc' dir='ltr'><strong><em>Ζ,</em></strong></span> <span class='ocrx_word' id='word_1_131' title='bbox 1014 1999 1070 2065; x_wconf 82' lang='grc' dir='ltr'><strong><em>καὶ</em></strong></span> <span class='ocrx_word' id='word_1_132' title='bbox 1092 2003 1175 2087; x_wconf 89' lang='grc' dir='ltr'><strong><em>πρὸς</em></strong></span> 
     </span>
    </p>
   </div>
   <div class='ocr_carea' id='block_1_4' title="bbox 159 2107 1275 2196">
    <p class='ocr_par' dir='ltr' id='par_1_7' title="bbox 159 2107 1275 2196">
     <span class='ocr_line' id='line_1_17' title="bbox 159 2107 1275 2196; baseline -0.001 -23"><span class='ocrx_word' id='word_1_133' title='bbox 159 2117 198 2194; x_wconf 79' lang='grc' dir='ltr'><strong><em>τῇ</em></strong></span> <span class='ocrx_word' id='word_1_134' title='bbox 222 2113 287 2172; x_wconf 86' lang='grc' dir='ltr'><strong><em>ΑΒ</em></strong></span> <span class='ocrx_word' id='word_1_135' title='bbox 311 2107 367 2173; x_wconf 83' lang='grc' dir='ltr'><strong><em>καὶ</em></strong></span> <span class='ocrx_word' id='word_1_136' title='bbox 389 2118 434 2196; x_wconf 76' lang='grc' dir='ltr'><strong><em>τῷ</em></strong></span> <span class='ocrx_word' id='word_1_137' title='bbox 457 2109 541 2194; x_wconf 88' lang='grc' dir='ltr'><strong><em>πρὸς</em></strong></span> <span class='ocrx_word' id='word_1_138' title='bbox 563 2108 647 2193; x_wconf 74' lang='grc' dir='ltr'><strong><em>αὐτῇ</em></strong></span> <span class='ocrx_word' id='word_1_139' title='bbox 670 2110 793 2195; x_wconf 82' lang='grc' dir='ltr'><strong><em>σημείῳ</em></strong></span> <span class='ocrx_word' id='word_1_140' title='bbox 816 2116 862 2194; x_wconf 77' lang='grc' dir='ltr'><strong><em>τῷ</em></strong></span> <span class='ocrx_word' id='word_1_141' title='bbox 888 2111 917 2172; x_wconf 93' lang='grc' dir='ltr'><strong><em>Β</em></strong></span> <span class='ocrx_word' id='word_1_142' title='bbox 940 2107 1130 2172; x_wconf 79' lang='grc' dir='ltr'><strong><em>συνεστάτω</em></strong></span> <span class='ocrx_word' id='word_1_143' title='bbox 1153 2107 1173 2191; x_wconf 90' lang='lat'><em>6</em></span> <span class='ocrx_word' id='word_1_144' title='bbox 1274 2183 1275 2186; x_wconf 10' lang='lat'>¹</span> 
     </span>
    </p>
   </div>
   <div class='ocr_carea' id='block_1_5' title="bbox 106 2209 1176 3049">
    <p class='ocr_par' dir='ltr' id='par_1_8' title="bbox 106 2209 1176 3049">
     <span class='ocr_line' id='line_1_18' title="bbox 158 2209 1174 2298; baseline -0.002 -18"><span class='ocrx_word' id='word_1_145' title='bbox 158 2215 224 2280; x_wconf 88' lang='grc' dir='ltr'><strong><em>ὑπὸ</em></strong></span> <span class='ocrx_word' id='word_1_146' title='bbox 252 2227 318 2280; x_wconf 84' lang='grc' dir='ltr'><strong><em>τῶν</em></strong></span> <span class='ocrx_word' id='word_1_147' title='bbox 346 2219 427 2298; x_wconf 86' lang='grc' dir='ltr'><strong><em>ΑΒ,</em></strong></span> <span class='ocrx_word' id='word_1_148' title='bbox 451 2220 514 2279; x_wconf 89' lang='grc' dir='ltr'><strong><em>ΒΖ</em></strong></span> <span class='ocrx_word' id='word_1_149' title='bbox 541 2217 646 2297; x_wconf 91' lang='grc' dir='ltr'><strong><em>γωνία</em></strong></span> <span class='ocrx_word' id='word_1_150' title='bbox 674 2215 747 2297; x_wconf 78' lang='grc' dir='ltr'><strong><em>ἤτοι</em></strong></span> <span class='ocrx_word' id='word_1_151' title='bbox 775 2216 893 2298; x_wconf 68' lang='grc' dir='ltr'><strong><em>μειξων</em></strong></span> <span class='ocrx_word' id='word_1_152' title='bbox 923 2209 1007 2280; x_wconf 83' lang='grc' dir='ltr'><strong><em>οὖσα</em></strong></span> <span class='ocrx_word' id='word_1_153' title='bbox 1029 2222 1088 2296; x_wconf 78' lang='grc' dir='ltr'><strong><em>τῆς</em></strong></span> <span class='ocrx_word' id='word_1_154' title='bbox 1108 2213 1174 2278; x_wconf 83' lang='grc' dir='ltr'><strong><em>ὑπὸ</em></strong></span> 
     </span>
     <span class='ocr_line' id='line_1_19' title="bbox 159 2318 1175 2406; baseline -0.004 -18"><span class='ocrx_word' id='word_1_155' title='bbox 159 2328 188 2388; x_wconf 92' lang='grc' dir='ltr'><em>Β</em></span> <span class='ocrx_word' id='word_1_156' title='bbox 195 2326 260 2388; x_wconf 86' lang='grc' dir='ltr'><strong><em>ΓΛ</em></strong></span> <span class='ocrx_word' id='word_1_157' title='bbox 287 2321 308 2406; x_wconf 84' lang='lat'><em>6</em></span> <span class='ocrx_word' id='word_1_158' title='bbox 336 2321 498 2405; x_wconf 79' lang='grc' dir='ltr'><strong><em>ἐλάσσων,</em></strong></span> <span class='ocrx_word' id='word_1_159' title='bbox 526 2319 581 2386; x_wconf 82' lang='grc' dir='ltr'><strong><em>καὶ</em></strong></span> <span class='ocrx_word' id='word_1_160' title='bbox 608 2331 675 2385; x_wconf 82' lang='grc' dir='ltr'><strong><em>τῶν</em></strong></span> <span class='ocrx_word' id='word_1_161' title='bbox 704 2323 779 2404; x_wconf 88' lang='grc' dir='ltr'><strong><em>ΓΖ,</em></strong></span> <span class='ocrx_word' id='word_1_162' title='bbox 804 2325 871 2385; x_wconf 87' lang='grc' dir='ltr'><strong><em>ΖΛ</em></strong></span> <span class='ocrx_word' id='word_1_163' title='bbox 898 2318 980 2404; x_wconf 85' lang='grc' dir='ltr'><strong><em>μέση</em></strong></span> <span class='ocrx_word' id='word_1_164' title='bbox 1008 2319 1175 2402; x_wconf 81' lang='grc' dir='ltr'><strong><em>ἀνάλογον</em></strong></span> 
     </span>
     <span class='ocr_line' id='line_1_20' title="bbox 159 2423 1174 2514; baseline -0.005 -19"><span class='ocrx_word' id='word_1_165' title='bbox 159 2431 311 2514; x_wconf 79' lang='grc' dir='ltr'><strong><em>είλύφθω</em></strong></span> <span class='ocrx_word' id='word_1_166' title='bbox 335 2428 355 2512; x_wconf 90' lang='lat'><em>6</em></span> <span class='ocrx_word' id='word_1_167' title='bbox 381 2431 463 2510; x_wconf 91' lang='grc' dir='ltr'><strong><em>ΖΗ,</em></strong></span> <span class='ocrx_word' id='word_1_168' title='bbox 485 2426 540 2492; x_wconf 80' lang='grc' dir='ltr'><strong><em>καὶ</em></strong></span> <span class='ocrx_word' id='word_1_169' title='bbox 564 2427 747 2511; x_wconf 80' lang='grc' dir='ltr'><strong><em>ἐπεζεύχθω</em></strong></span> <span class='ocrx_word' id='word_1_170' title='bbox 770 2425 791 2510; x_wconf 92' lang='lat'><em>6</em></span> <span class='ocrx_word' id='word_1_171' title='bbox 811 2430 895 2510; x_wconf 87' lang='grc' dir='ltr'><strong><em>ΒΗ,</em></strong></span> <span class='ocrx_word' id='word_1_172' title='bbox 918 2435 977 2491; x_wconf 84' lang='grc' dir='ltr'><strong><em>τοῦ</em></strong></span> <span class='ocrx_word' id='word_1_173' title='bbox 1001 2423 1038 2491; x_wconf 73' lang='grc' dir='ltr'><strong><em>δὲ</em></strong></span> <span class='ocrx_word' id='word_1_174' title='bbox 1062 2430 1174 2510; x_wconf 82' lang='grc' dir='ltr'><strong><em>ζητου-</em></strong></span> 
     </span>
     <span class='ocr_line' id='line_1_21' title="bbox 106 2531 1176 2622; baseline -0.001 -24"><span class='ocrx_word' id='word_1_175' title='bbox 106 2550 141 2599; x_wconf 85' lang='lat'><strong><em>20</em></strong></span> <span class='ocrx_word' id='word_1_176' title='bbox 159 2537 261 2622; x_wconf 91' lang='grc' dir='ltr'><strong><em>μένου</em></strong></span> <span class='ocrx_word' id='word_1_177' title='bbox 289 2537 471 2622; x_wconf 92' lang='grc' dir='ltr'><strong><em>κυλίνδρου</em></strong></span> <span class='ocrx_word' id='word_1_178' title='bbox 499 2535 597 2619; x_wconf 83' lang='grc' dir='ltr'><strong><em>βάσις</em></strong></span> <span class='ocrx_word' id='word_1_179' title='bbox 623 2537 705 2600; x_wconf 83' lang='grc' dir='ltr'><strong><em>ἔστω</em></strong></span> <span class='ocrx_word' id='word_1_180' title='bbox 732 2535 806 2617; x_wconf 75' lang='grc' dir='ltr'><strong><em>ἢτοι</em></strong></span> <span class='ocrx_word' id='word_1_181' title='bbox 833 2533 851 2598; x_wconf 94' lang='lat'><em>6</em></span> <span class='ocrx_word' id='word_1_182' title='bbox 879 2539 912 2598; x_wconf 83' lang='lat' dir='ltr'><em>A</em></span> <span class='ocrx_word' id='word_1_183' title='bbox 933 2535 1054 2610; x_wconf 89' lang='grc' dir='ltr'><strong><em>κύκλος</em></strong></span> <span class='ocrx_word' id='word_1_184' title='bbox 1076 2532 1097 2616; x_wconf 85' lang='lat'><em>6</em></span> <span class='ocrx_word' id='word_1_185' title='bbox 1120 2531 1176 2597; x_wconf 84' lang='grc' dir='ltr'><strong><em>καὶ</em></strong></span> 
     </span>
     <span class='ocr_line' id='line_1_22' title="bbox 159 2637 1175 2730; baseline -0.004 -20"><span class='ocrx_word' id='word_1_186' title='bbox 159 2647 259 2722; x_wconf 78' lang='grc' dir='ltr'><strong><em>ἄλλος</em></strong></span> <span class='ocrx_word' id='word_1_187' title='bbox 286 2668 336 2722; x_wconf 90' lang='grc' dir='ltr'><strong><em>τις</em></strong></span> <span class='ocrx_word' id='word_1_188' title='bbox 363 2643 400 2708; x_wconf 86' lang='grc' dir='ltr'><strong><em>ἐν</em></strong></span> <span class='ocrx_word' id='word_1_189' title='bbox 427 2652 472 2730; x_wconf 76' lang='grc' dir='ltr'><strong><em>τῷ</em></strong></span> <span class='ocrx_word' id='word_1_190' title='bbox 501 2642 590 2730; x_wconf 77' lang='grc' dir='ltr'><strong><em>αὐτῷ</em></strong></span> <span class='ocrx_word' id='word_1_191' title='bbox 619 2639 761 2728; x_wconf 78' lang='grc' dir='ltr'><strong><em>ἐπιπέδῳ</em></strong></span> <span class='ocrx_word' id='word_1_192' title='bbox 789 2649 835 2728; x_wconf 77' lang='grc' dir='ltr'><strong><em>τῷ</em></strong></span> <span class='ocrx_word' id='word_1_193' title='bbox 864 2645 896 2704; x_wconf 94' lang='grc' dir='ltr'><em>Α</em></span> <span class='ocrx_word' id='word_1_194' title='bbox 921 2641 1045 2728; x_wconf 88' lang='grc' dir='ltr'><strong><em>κύκλῳ·</em></strong></span> <span class='ocrx_word' id='word_1_195' title='bbox 1074 2637 1175 2706; x_wconf 75' lang='grc' dir='ltr'><strong><em>οὐδὲν</em></strong></span> 
     </span>
     <span class='ocr_line' id='line_1_23' title="bbox 159 2745 1175 2837; baseline -0.004 -21"><span class='ocrx_word' id='word_1_196' title='bbox 159 2753 223 2837; x_wconf 81' lang='grc' dir='ltr'><strong><em>γὰρ</em></strong></span> <span class='ocrx_word' id='word_1_197' title='bbox 247 2753 374 2816; x_wconf 90' lang='grc' dir='ltr'><strong><em>διοίσει.</em></strong></span> <span class='ocrx_word' id='word_1_198' title='bbox 421 2753 503 2814; x_wconf 86' lang='grc' dir='ltr'><strong><em>ἐστω</em></strong></span> <span class='ocrx_word' id='word_1_199' title='bbox 527 2750 568 2832; x_wconf 85' lang='lat'><strong><em>66</em></strong></span> <span class='ocrx_word' id='word_1_200' title='bbox 593 2748 610 2814; x_wconf 94' lang='lat'><em>6</em></span> <span class='ocrx_word' id='word_1_201' title='bbox 633 2745 709 2834; x_wconf 82' lang='grc' dir='ltr'><strong><em>περὶ</em></strong></span> <span class='ocrx_word' id='word_1_202' title='bbox 731 2749 792 2832; x_wconf 73' lang='grc' dir='ltr'><strong><em>τὴν</em></strong></span> <span class='ocrx_word' id='word_1_203' title='bbox 815 2751 881 2812; x_wconf 80' lang='grc' dir='ltr'><strong><em>ΕΘ</em></strong></span> <span class='ocrx_word' id='word_1_204' title='bbox 904 2747 1096 2834; x_wconf 80' lang='grc' dir='ltr'><strong><em>διάμετρον,</em></strong></span> <span class='ocrx_word' id='word_1_205' title='bbox 1119 2746 1175 2813; x_wconf 79' lang='grc' dir='ltr'><strong><em>καὶ</em></strong></span> 
     </span>
     <span class='ocr_line' id='line_1_24' title="bbox 160 2853 1175 2941; baseline -0.002 -19"><span class='ocrx_word' id='word_1_206' title='bbox 160 2859 217 2922; x_wconf 88' lang='grc' dir='ltr'><strong><em>διδι</em></strong></span> <span class='ocrx_word' id='word_1_207' title='bbox 230 2870 297 2922; x_wconf 84' lang='grc' dir='ltr'><strong><em>τῶν</em></strong></span> <span class='ocrx_word' id='word_1_208' title='bbox 311 2861 351 2939; x_wconf 90' lang='grc' dir='ltr'><strong><em>Ε,</em></strong></span> <span class='ocrx_word' id='word_1_209' title='bbox 363 2860 391 2920; x_wconf 83' lang='grc' dir='ltr'>Θ</span> <span class='ocrx_word' id='word_1_210' title='bbox 405 2858 548 2939; x_wconf 81' lang='grc' dir='ltr'><strong><em>σημείων</em></strong></span> <span class='ocrx_word' id='word_1_211' title='bbox 566 2855 770 2938; x_wconf 78' lang='grc' dir='ltr'><strong><em>παράλληλοι</em></strong></span> <span class='ocrx_word' id='word_1_212' title='bbox 789 2862 829 2939; x_wconf 72' lang='grc' dir='ltr'><strong><em>τῇ</em></strong></span> <span class='ocrx_word' id='word_1_213' title='bbox 846 2857 920 2918; x_wconf 89' lang='grc' dir='ltr'><strong><em>ΒΗ</em></strong></span> <span class='ocrx_word' id='word_1_214' title='bbox 930 2853 1046 2941; x_wconf 84' lang='grc' dir='ltr'><strong><em>εὐθείᾳ</em></strong></span> <span class='ocrx_word' id='word_1_215' title='bbox 1065 2855 1175 2938; x_wconf 77' lang='grc' dir='ltr'><strong><em>ἤχθω-</em></strong></span> 
     </span>
     <span class='ocr_line' id='line_1_25' title="bbox 160 2957 1174 3049; baseline -0.003 -21"><span class='ocrx_word' id='word_1_216' title='bbox 160 2980 224 3028; x_wconf 91' lang='grc' dir='ltr'><strong><em>σαν</em></strong></span> <span class='ocrx_word' id='word_1_217' title='bbox 252 2964 289 3026; x_wconf 83' lang='grc' dir='ltr'><strong><em>αί</em></strong></span> <span class='ocrx_word' id='word_1_218' title='bbox 309 2965 389 3045; x_wconf 87' lang='grc' dir='ltr'><strong><em>ΕΚ,</em></strong></span> <span class='ocrx_word' id='word_1_219' title='bbox 415 2965 492 3025; x_wconf 81' lang='grc' dir='ltr'><strong><em>ΘΛ·</em></strong></span> <span class='ocrx_word' id='word_1_220' title='bbox 521 2960 558 3025; x_wconf 88' lang='grc' dir='ltr'><strong><em>ἐν</em></strong></span> <span class='ocrx_word' id='word_1_221' title='bbox 585 2969 630 3048; x_wconf 78' lang='grc' dir='ltr'><strong><em>τῳ</em></strong></span> <span class='ocrx_word' id='word_1_222' title='bbox 654 2959 743 3047; x_wconf 75' lang='grc' dir='ltr'><strong><em>αὐτῷ</em></strong></span> <span class='ocrx_word' id='word_1_223' title='bbox 767 2961 831 3046; x_wconf 77' lang='grc' dir='ltr'><strong><em>ἄρα</em></strong></span> <span class='ocrx_word' id='word_1_224' title='bbox 854 2957 939 3025; x_wconf 87' lang='grc' dir='ltr'><strong><em>είσὶν</em></strong></span> <span class='ocrx_word' id='word_1_225' title='bbox 962 2959 1105 3048; x_wconf 78' lang='grc' dir='ltr'><strong><em>ἐπιπέδῳ</em></strong></span> <span class='ocrx_word' id='word_1_226' title='bbox 1129 2969 1174 3049; x_wconf 79' lang='grc' dir='ltr'><strong><em>τῷ</em></strong></span> 
     </span>
    </p>
   </div>
   <div class='ocr_carea' id='block_1_6' title="bbox 233 3223 1175 3297">
    <p class='ocr_par' dir='ltr' id='par_1_9' title="bbox 233 3223 1175 3297">
     <span class='ocr_line' id='line_1_26' title="bbox 233 3223 1175 3297; baseline -0.004 -16"><span class='ocrx_word' id='word_1_227' title='bbox 233 3235 257 3282; x_wconf 82' lang='grc'><strong><em>2.</em></strong></span> <span class='ocrx_word' id='word_1_228' title='bbox 276 3223 426 3297; x_wconf 86' lang='grc' dir='ltr'><strong><em>τρίγωνον]</em></strong></span> <span class='ocrx_word' id='word_1_229' title='bbox 445 3235 590 3294; x_wconf 84' lang='grc' dir='ltr'><strong><em>τρῖγωνον,</em></strong></span> <span class='ocrx_word' id='word_1_230' title='bbox 608 3235 669 3293; x_wconf 84' lang='grc' dir='ltr'><strong><em>τρῑγ</em></strong></span> <span class='ocrx_word' id='word_1_231' title='bbox 684 3240 699 3277; x_wconf 85' lang='lat' dir='ltr'>e</span> <span class='ocrx_word' id='word_1_232' title='bbox 714 3239 782 3278; x_wconf 83' lang='lat' dir='ltr'>corr.</span> <span class='ocrx_word' id='word_1_233' title='bbox 798 3242 833 3278; x_wconf 93' lang='lat' dir='ltr'><strong><em>1n.</em></strong></span> <span class='ocrx_word' id='word_1_234' title='bbox 851 3229 875 3293; x_wconf 88' lang='lat'><strong><em>1,</em></strong></span> <span class='ocrx_word' id='word_1_235' title='bbox 894 3223 927 3278; x_wconf 91' lang='lat' dir='ltr'><strong><em>V.</em></strong></span> <span class='ocrx_word' id='word_1_236' title='bbox 1002 3229 1026 3278; x_wconf 85' lang='lat'><strong><em>3.</em></strong></span> <span class='ocrx_word' id='word_1_237' title='bbox 1046 3223 1128 3296; x_wconf 84' lang='grc' dir='ltr'><strong><em>τομή]</em></strong></span> <span class='ocrx_word' id='word_1_238' title='bbox 1147 3242 1175 3294; x_wconf 87' lang='lat' dir='ltr'><strong><em>p,</em></strong></span> 
     </span>
    </p>
   </div>
   <div class='ocr_carea' id='block_1_7' title="bbox 160 3294 1176 3438">
    <p class='ocr_par' dir='ltr' id='par_1_10' title="bbox 160 3294 1176 3438">
     <span class='ocr_line' id='line_1_27' title="bbox 160 3294 1173 3370; baseline -0.006 -16"><span class='ocrx_word' id='word_1_239' title='bbox 160 3308 246 3370; x_wconf 84' lang='grc' dir='ltr'><strong><em>τομῆς</em></strong></span> <span class='ocrx_word' id='word_1_240' title='bbox 264 3299 317 3354; x_wconf 82' lang='lat' dir='ltr'><strong><em>Vc.</em></strong></span> <span class='ocrx_word' id='word_1_241' title='bbox 392 3303 415 3351; x_wconf 76' lang='grc' dir='ltr'><strong><em>ἵ.</em></strong></span> <span class='ocrx_word' id='word_1_242' title='bbox 436 3294 504 3364; x_wconf 80' lang='grc' dir='ltr'><strong><em>ὅπερ</em></strong></span> <span class='ocrx_word' id='word_1_243' title='bbox 524 3294 581 3350; x_wconf 81' lang='grc' dir='ltr'><strong><em>ἔδει</em></strong></span> <span class='ocrx_word' id='word_1_244' title='bbox 599 3297 726 3367; x_wconf 84' lang='grc' dir='ltr'><strong><em>ποιῆσαι]</em></strong></span> <span class='ocrx_word' id='word_1_245' title='bbox 746 3312 800 3350; x_wconf 88' lang='lat' dir='ltr'><strong><em>om.</em></strong></span> <span class='ocrx_word' id='word_1_246' title='bbox 818 3313 845 3364; x_wconf 88' lang='lat' dir='ltr'><strong><em>p.</em></strong></span> <span class='ocrx_word' id='word_1_247' title='bbox 926 3299 951 3348; x_wconf 89' lang='lat'><strong><em>8.</em></strong></span> <span class='ocrx_word' id='word_1_248' title='bbox 971 3295 1031 3366; x_wconf 82' lang='grc' dir='ltr'><strong><em>κγ’]</em></strong></span> <span class='ocrx_word' id='word_1_249' title='bbox 1051 3295 1098 3365; x_wconf 78' lang='grc' dir='ltr'><strong><em>ιβ’</em></strong></span> <span class='ocrx_word' id='word_1_250' title='bbox 1118 3313 1173 3364; x_wconf 85' lang='lat' dir='ltr'><strong><em>mg.</em></strong></span> 
     </span>
     <span class='ocr_line' id='line_1_28' title="bbox 160 3366 1176 3438; baseline -0.005 -13"><span class='ocrx_word' id='word_1_251' title='bbox 160 3391 197 3426; x_wconf 89' lang='lat' dir='ltr'><strong><em>m.</em></strong></span> <span class='ocrx_word' id='word_1_252' title='bbox 216 3388 270 3426; x_wconf 82' lang='lat' dir='ltr'>rec.</span> <span class='ocrx_word' id='word_1_253' title='bbox 289 3371 323 3425; x_wconf 88' lang='lat' dir='ltr'><strong><em>V.</em></strong></span> <span class='ocrx_word' id='word_1_254' title='bbox 406 3372 447 3422; x_wconf 87' lang='lat'><strong><em>14.</em></strong></span> <span class='ocrx_word' id='word_1_255' title='bbox 468 3366 563 3438; x_wconf 65' lang='lat'><em>661),</em></span> <span class='ocrx_word' id='word_1_256' title='bbox 588 3366 690 3422; x_wconf 66' lang='grc' dir='ltr'><strong><em>ἐνΕο.</em></strong></span> <span class='ocrx_word' id='word_1_257' title='bbox 773 3366 1176 3438; x_wconf 79' lang='grc' dir='ltr'><strong><em>15.ἡΑΓΕ,ΑΔΖ]ἡΓΔ</em></strong></span> 
     </span>
    </p>
   </div>
   <div class='ocr_carea' id='block_1_8' title="bbox 161 3437 1175 3584">
    <p class='ocr_par' dir='ltr' id='par_1_11' title="bbox 161 3437 1175 3584">
     <span class='ocr_line' id='line_1_29' title="bbox 161 3437 1175 3509; baseline -0.006 -11"><span class='ocrx_word' id='word_1_258' title='bbox 161 3441 288 3498; x_wconf 75' lang='grc' dir='ltr'><strong><em>κατὰτὰ</em></strong></span> <span class='ocrx_word' id='word_1_259' title='bbox 307 3444 332 3495; x_wconf 88' lang='grc' dir='ltr'><strong><em>Ε</em></strong></span> <span class='ocrx_word' id='word_1_260' title='bbox 350 3439 400 3495; x_wconf 78' lang='grc' dir='ltr'><strong><em>καὶ</em></strong></span> <span class='ocrx_word' id='word_1_261' title='bbox 421 3443 441 3492; x_wconf 92' lang='grc' dir='ltr'>Ζ</span> <span class='ocrx_word' id='word_1_262' title='bbox 460 3447 560 3507; x_wconf 83' lang='grc' dir='ltr'><strong><em>σημεῖα</em></strong></span> <span class='ocrx_word' id='word_1_263' title='bbox 577 3457 604 3508; x_wconf 87' lang='lat' dir='ltr'><strong><em>p.</em></strong></span> <span class='ocrx_word' id='word_1_264' title='bbox 679 3445 721 3492; x_wconf 86' lang='grc'><strong><em>16,</em></strong></span> <span class='ocrx_word' id='word_1_265' title='bbox 740 3439 785 3509; x_wconf 77' lang='grc' dir='ltr'><strong><em>τῇ]</em></strong></span> <span class='ocrx_word' id='word_1_266' title='bbox 804 3437 857 3506; x_wconf 82' lang='grc' dir='ltr'><strong><em>τήν</em></strong></span> <span class='ocrx_word' id='word_1_267' title='bbox 874 3455 901 3506; x_wconf 88' lang='lat' dir='ltr'><strong><em>p.</em></strong></span> <span class='ocrx_word' id='word_1_268' title='bbox 976 3442 1018 3491; x_wconf 78' lang='lat'><strong><em>17.</em></strong></span> <span class='ocrx_word' id='word_1_269' title='bbox 1037 3446 1094 3492; x_wconf 83' lang='grc' dir='ltr'><strong><em>τῶν</em></strong></span> <span class='ocrx_word' id='word_1_270' title='bbox 1112 3443 1139 3492; x_wconf 87' lang='grc' dir='ltr'><em>Δ</em></span> <span class='ocrx_word' id='word_1_271' title='bbox 1145 3442 1175 3507; x_wconf 87' lang='grc' dir='ltr'><strong><em>Β,</em></strong></span> 
     </span>
     <span class='ocr_line' id='line_1_30' title="bbox 163 3505 1174 3584; baseline -0.006 -17"><span class='ocrx_word' id='word_1_272' title='bbox 163 3515 230 3584; x_wconf 87' lang='grc' dir='ltr'><strong><em>ΒΖ]</em></strong></span> <span class='ocrx_word' id='word_1_273' title='bbox 250 3516 332 3567; x_wconf 86' lang='grc' dir='ltr'><strong><em>ΔΒΖ</em></strong></span> <span class='ocrx_word' id='word_1_274' title='bbox 349 3529 376 3580; x_wconf 87' lang='lat' dir='ltr'><strong><em>p.</em></strong></span> <span class='ocrx_word' id='word_1_275' title='bbox 469 3515 510 3563; x_wconf 89' lang='lat'><strong><em>19.</em></strong></span> <span class='ocrx_word' id='word_1_276' title='bbox 535 3507 673 3579; x_wconf 80' lang='grc' dir='ltr'><strong><em>εἰλήφθω]</em></strong></span> <span class='ocrx_word' id='word_1_277' title='bbox 699 3508 765 3563; x_wconf 87' lang='grc' dir='ltr'><strong><em>ἐστω</em></strong></span> <span class='ocrx_word' id='word_1_278' title='bbox 783 3526 810 3577; x_wconf 87' lang='lat' dir='ltr'><strong><em>p.</em></strong></span> <span class='ocrx_word' id='word_1_279' title='bbox 902 3513 944 3563; x_wconf 79' lang='lat'><strong><em>22.</em></strong></span> <span class='ocrx_word' id='word_1_280' title='bbox 968 3507 1020 3580; x_wconf 82' lang='grc' dir='ltr'><strong><em>δή]</em></strong></span> <span class='ocrx_word' id='word_1_281' title='bbox 1046 3505 1079 3562; x_wconf 84' lang='grc' dir='ltr'><strong><em>δέ</em></strong></span> <span class='ocrx_word' id='word_1_282' title='bbox 1097 3509 1174 3578; x_wconf 84' lang='lat' dir='ltr'><strong><em>ch,</em></strong></span> 
     </span>
    </p>
   </div>
   <div class='ocr_carea' id='block_1_9' title="bbox 161 3576 1133 3652">
    <p class='ocr_par' dir='ltr' id='par_1_12' title="bbox 161 3576 1133 3652">
     <span class='ocr_line' id='line_1_31' title="bbox 161 3576 1133 3652; baseline -0.002 -16"><span class='ocrx_word' id='word_1_283' title='bbox 161 3579 559 3650; x_wconf 70' lang='lat' dir='ltr'>001T.Halleycum00mm.</span> <span class='ocrx_word' id='word_1_284' title='bbox 632 3585 675 3634; x_wconf 81' lang='lat'><strong><em>23.</em></strong></span> <span class='ocrx_word' id='word_1_285' title='bbox 695 3583 753 3633; x_wconf 89' lang='grc' dir='ltr'><strong><em>ΒΗ</em></strong></span> <span class='ocrx_word' id='word_1_286' title='bbox 769 3576 880 3652; x_wconf 77' lang='grc' dir='ltr'><strong><em>εὐθείᾳ]</em></strong></span> <span class='ocrx_word' id='word_1_287' title='bbox 902 3583 956 3633; x_wconf 87' lang='grc' dir='ltr'><strong><em>ΗΒ</em></strong></span> <span class='ocrx_word' id='word_1_288' title='bbox 976 3579 1088 3633; x_wconf 73' lang='grc' dir='ltr'><strong><em>εὐθεῖαι</em></strong></span> <span class='ocrx_word' id='word_1_289' title='bbox 1105 3597 1133 3648; x_wconf 89' lang='lat' dir='ltr'><strong><em>p.</em></strong></span> 
     </span>
    </p>
   </div>
   <div class='ocr_carea' id='block_1_10' title="bbox 0 0 1292 3882">
    <p class='ocr_par' dir='ltr' id='par_1_13' title="bbox 0 0 1292 3882">
     <span class='ocr_line' id='line_1_32' title="bbox 0 0 1292 3882; baseline 0 0"><span class='ocrx_word' id='word_1_290' title='bbox 0 0 1292 3882; x_wconf 95' lang='lat' dir='ltr'><strong><em> </em></strong></span> 
     </span>
    </p>
   </div>
  </div>
 </body>
</html>
