2574 3882
172 186 218 250 30
443 188 530 240 ΠΕΡΙ
548 186 763 238 ΚΤΛΙΝΔΡΟΤ
781 187 918 240 ΤΟΜΗΣ.

171 339 212 415 τῇ
244 334 326 397 AH.
382 329 555 415 διάμετρος
591 331 655 415 ἄρα
691 327 745 394 καὶ
782 329 801 412 ἡ
838 333 954 394 EAM
985 338 1045 394 τοῦ
1083 335 1190 396 OEII

171 436 304 501 κύκλου.
343 433 412 500 ἐπεὶ
430 432 492 502 οὖν
510 436 719 522 παράλληλός
738 435 828 500 ἐστιν
846 435 866 518 η
885 432 946 520 μὲν
966 441 1031 501 OA
1049 447 1088 522 τῇ
1109 442 1187 522 ΘΑ,

171 542 291 625 ηΛΜ
309 539 346 606 δὲ
368 551 408 628 τῇ
431 542 510 625 ΑΞ,
533 542 553 625 η
577 543 641 628 ἄρα
659 542 724 607 ὑπὸ
743 554 810 608 τῶν
830 547 909 625 OA,
929 547 1009 606 AM
1022 547 1126 626 γωνία
1145 555 1186 630 τῇ

170 648 237 713 ὑπὸ
271 653 351 732 ΘΑ,
374 649 442 724 ΑΞ
469 655 523 732 ἴση
551 648 654 714 ἐστίν·
687 650 774 734 ὀρθὴ
802 651 867 736 ἄρα
893 648 949 714 καῖ
976 650 996 733 η
1024 649 1088 715 ὑπὸ
1117 661 1186 714 τῶν

136 759 252 837 50A,
276 758 358 819 AM
406 753 427 836 ἡ
455 759 521 819 EA
550 756 614 840 ἄρα
645 755 786 831 κάθετός
818 753 908 820 ἐστιν
940 754 993 820 έττῖ
1025 757 1087 839 την
1116 761 1191 822 ΟΠ

172 862 348 947 διάμετρον
371 869 431 925 τοῦ
455 862 592 928 κύκλον·
625 863 661 926 τὸ
685 864 749 947 ἄρα
772 861 835 926 ἀτιὸ
858 870 916 946 τῆς
936 866 1003 926 ΕΛ
1022 868 1096 928 ἴσον
1115 861 1185 927 έστῖ

171 977 216 1056 τῷ
239 967 304 1033 ὑπὸ
330 973 409 1052 ΟΛ,
429 972 509 1034 ΛΠ.
548 966 618 1033 ἐπεὶ
640 966 677 1034 δέ
700 970 761 1034 οὔκ
784 968 874 1033 ἐστιν
897 969 917 1053 ἡ
941 971 1023 1054 τομὴ
1041 969 1185 1034 ὑπεναν-

170 1078 237 1160 τία,
269 1076 290 1160 η
318 1077 382 1161 ἄρα
409 1074 475 1140 ὑπὸ
503 1078 608 1142 ΛΟΓ
630 1079 735 1158 γωνία
763 1077 824 1140 οὔκ
852 1075 941 1141 ἐστιν
969 1081 1023 1158 ἴση
1051 1086 1090 1161 τῇ
1117 1075 1184 1140 ὑπὸ

172 1185 283 1247 ΟΓΛ·
307 1178 386 1247 οὐδὲ
408 1181 429 1265 ἡ
454 1186 520 1248 OA
538 1184 602 1267 ἄρα
625 1183 740 1248 εὐθεῖα
764 1193 802 1268 τῇ
822 1185 886 1247 ΓΛ
905 1188 959 1266 ἴση
978 1182 1081 1248 ἐστίν·
1104 1179 1185 1247 οὐδὲ

119 1308 152 1356 10
170 1291 208 1354 τὸ
231 1289 295 1353 ἀπὸ
319 1298 377 1372 τῆς
401 1293 466 1353 ΟΛ
488 1291 566 1375 ἄρα,
593 1287 742 1355 τουτέστι
766 1291 802 1354 τὸ
825 1289 890 1354 ὑπὸ
913 1300 981 1354 τῶν
1005 1293 1080 1373 OA,
1101 1293 1184 1372 ΛΠ,

169 1403 215 1482 τῷ
238 1393 302 1458 ἀπὸ
326 1404 384 1478 τῆς
404 1398 482 1478 ΛΓ,
505 1394 654 1461 τουτέστι
672 1405 718 1483 τῷ
737 1395 802 1460 ὑπὸ
821 1407 888 1460 τῶν
907 1399 986 1479 ΓΛ,
1006 1400 1088 1479 AA,
1107 1401 1183 1460 ἴσον

170 1500 268 1565 ἐστί.
317 1500 399 1566 ἀλλὰ
426 1511 472 1590 τῷ
499 1501 564 1566 ὑπὸ
592 1513 659 1567 τῶν
688 1506 768 1586 OA,
793 1507 868 1568 ΛΠ
889 1504 926 1567 τὸ
949 1501 1013 1567 ἀπὸ
1037 1511 1095 1588 τῆς
1116 1507 1184 1566 EA

170 1613 256 1672 ἴσον·
280 1608 317 1672 τὸ
341 1609 405 1693 ἄρα
429 1607 492 1673 ἀπὸ
515 1616 573 1692 τῆς
595 1613 662 1673 EA
685 1610 746 1674 οὔκ
769 1607 837 1674 ἐστι
860 1619 905 1698 τῷ
929 1609 994 1674 ὑπὸ
1017 1619 1084 1674 τῶν
1108 1612 1183 1692 ΓΑ,

169 1718 239 1778 AA
253 1719 335 1779 ἴσον.
369 1715 429 1779 οὐκ
448 1716 512 1800 ἄρα
530 1716 650 1792 κύκλος
669 1713 759 1781 έστῖν
776 1715 796 1798 η
813 1720 911 1780 ΓΕΔ
929 1718 1023 1799 τομη·
1048 1714 1182 1799 ἐδείχθη

118 1837 151 1886 15
170 1819 217 1905 δέ,
241 1821 292 1886 ὅτι
315 1817 393 1886 οὐδὲ
416 1821 668 1908 εὐθύγραμμον·
692 1823 772 1906 ὅπερ
796 1823 863 1887 ἔδει
885 1821 998 1900 δεῖξαι.

234 1926 290 1992 καὶ
313 1929 568 2012 συναπεδείχθη,
591 1928 641 1994 ὅτι
665 1929 685 2013 ἡ
708 1931 770 2012 τὴν
789 1931 854 1994 ΓΛ
878 1928 914 1994 έν
931 1939 971 2014 τῇ
989 1939 1071 2015 τομῇ
1090 1929 1180 2014 παρὰ

168 2037 229 2118 τὴν
251 2039 321 2099 ΖΗ
341 2036 561 2119 ὃιχοτομοῦσα
584 2035 700 2101 εὐθεῖα
719 2041 773 2118 ἴση
794 2033 862 2101 ἐστὶ
881 2046 920 2121 τῇ
939 2034 1101 2124 διαμέτρῳ
1120 2045 1180 2119 τῆς

167 2142 302 2224 βάσεως.

656 2266 691 2332 ι’.

114 2407 148 2456 20
232 2390 328 2457 Ἀλλοῖ
348 2393 388 2476 δὴ
407 2393 444 2458 τὸ
459 2392 579 2476 τέμνον
593 2391 750 2458 ἐπίπεδον
763 2389 904 2476 τεμνέτω
918 2388 973 2455 καὶ
987 2391 1044 2466 τὰς
1057 2391 1181 2476 βάσεις,

167 2502 228 2585 τὴν
254 2495 315 2584 μὲν
341 2506 374 2564 Α
401 2499 500 2584 βάσιν
527 2510 566 2585 τῇ
595 2501 659 2564 ΓΕ
684 2499 813 2586 εὐθείᾳ,
840 2499 901 2582 την
924 2494 962 2562 δὲ
984 2501 1012 2562 Β
1036 2507 1075 2583 τῇ
1101 2501 1178 2582 ΖΗ,

165 2605 221 2672 καὶ
248 2607 304 2672 διὰ
331 2616 391 2672 τοῦ
418 2611 452 2672 A
477 2607 572 2690 ἤχθω
596 2606 737 2683 κάθετος
764 2603 818 2671 ἐπὶ
844 2607 905 2690 την
934 2603 1038 2688 ΓΕὴ
1065 2609 1178 2689 ΘΑΛ,

165 2713 220 2779 καῖ
243 2715 299 2778 διὰ
321 2724 378 2798 τῆς
399 2718 464 2778 ΘΑ
483 2711 661 2800 διαμέτρου
680 2710 734 2777 καῖ
753 2721 813 2777 τοῦ
832 2711 948 2790 ἄξονος
967 2711 1179 2796 ἐκβεβλήσθω

166 2819 331 2903 ἐπίπεδον,
351 2819 368 2884 ὃ
387 2831 478 2884 ποιεῖ
493 2822 597 2904 τομὴν
615 2822 653 2885 τὸ
670 2823 738 2884 ΘΚ
748 2822 1101 2905 παραλληλόγραμμον,
1119 2828 1179 2903 τῆς

113 2938 147 2986 25
166 2923 203 2990 δέ
232 2931 297 2991 ΖΕ
321 2935 422 3010 τομῆς
448 2924 503 2990 καὶ
530 2936 590 2991 τοῦ
620 2930 688 2990 ΘΚ
711 2926 1055 3012 παραλληλογράμμου
1081 2928 1179 3010 κοινη

165 3034 247 3117 τομη
271 3032 292 3116 ἡ
316 3036 399 3097 AM.
437 3031 506 3097 έκεῖ
529 3029 651 3098 οὖντὸ
677 3037 740 3097 ΖΕ
762 3032 916 3098 ἐπίπεδον
939 3034 1015 3097 οὔτε
1038 3033 1094 3097 διὰ
1116 3042 1179 3098 τοῦ

166 3175 375 3186 ¹,...-....----..

237 3268 260 3316 1.
280 3259 348 3332 ἄρα]
368 3259 423 3329 ἴλρα
443 3257 499 3315 ἐστί
516 3278 543 3330 p.
617 3271 641 3316 3.
661 3266 729 3316 AM
742 3259 790 3333 δέ]
806 3261 867 3352 ‘Vc,
887 3258 918 3315 δὲ
938 3265 1005 3315 AM
1017 3279 1044 3330 p
1105 3263 1176 3333 τῶν]

165 3332 488 3474 οωθΑἾΑΞ]ΟέἈ4ι-”ἳ’ξέ
509 3335 663 3475 ΟΜέήσΣέν]
684 3331 1176 3473 &AMQMMEJJMZMEM{dage}

199 3483 254 3528 τῶν
275 3476 334 3565 0Λῖ
350 3475 427 3566 AM]
448 3477 580 3545 OAMp.
644 3481 668 3530 6.
687 3475 749 3546 τοῦ]
767 3483 817 3528 τοῦ
838 3476 929 3528 OEH
943 3492 970 3542 p.
1036 3474 1176 3546 7.τῷ]ρ,

163 3543 195 3598 τό
213 3545 267 3599 Vc.
322 3545 388 3616 υπό]
407 3546 462 3601 υπὸ
476 3555 532 3602 τῶν
549 3564 576 3617 p.
631 3546 700 3600 Post
717 3544 788 3614 τομή
807 3545 870 3599 add.
889 3548 909 3581 Ψ
931 3561 954 3598 ο.
1027 3549 1052 3602 8.
1070 3547 1175 3616 ΛΟΓ]
