2594 3878
140 224 203 287 182
450 225 538 278 Imm
555 225 684 279 Κοαοτ
701 227 837 279 vom.

172 419 178 434 .
205 371 289 433 ἔστω
310 370 474 454 πρότερον
496 368 514 433 ὁ
536 369 647 452 αὐτός,
669 367 725 434 καὶ
748 369 996 453 ἐπεζεύχθωσαν
1018 371 1056 434 eci
1074 375 1151 454 ΕΒ,

137 478 208 540 ΕΓ.
253 473 322 540 ἐπεὶ
350 470 427 559 οὖν,
455 476 500 552 ὡς
526 473 547 558 ἡ
573 481 603 540 Θ
628 477 713 561 πρὸς
734 480 783 560 Η,
806 476 913 552 οὕτως
935 476 955 560 ἡ
978 481 1045 542 ΒΑ
1067 479 1153 562 πρὸς

137 585 217 665 ΑΖ,
236 581 284 658 ὡς
304 579 341 646 δὲ
363 581 384 665 ἡ
406 587 479 647 ΕΑ
498 583 582 666 πρὸς
604 587 680 666 ΑΖ,
704 581 809 659 οὕτως
832 583 871 647 τὸ
893 581 959 647 ὑπὸ
982 588 1065 667 ΒΛ,
1088 586 1159 648 ΒΓ

137 689 220 775 πρὸς
245 689 283 754 τὸ
310 688 375 754 ὑπὸ
403 694 483 772 ΑΖ,
506 691 583 772 ΒΓ,
611 690 656 766 ὡς
679 691 743 776 ἄρα
765 689 786 772 ἡ
812 693 841 754 Θ
862 689 945 775 πρὸς
969 693 1016 773 Η,
1044 687 1153 765 οὕτως

103 796 175 860 ὁτὸ
202 795 267 861 ὑπὸ
290 800 373 879 ΒΔ,
396 799 465 860 ΒΓ
485 797 568 881 πρὸς
595 796 632 860 τὸ
660 795 725 861 ὑπὸ
753 801 833 879 ΑΖ,
857 799 928 862 ΒΓ.
980 795 1063 861 ἀλλὰ
1090 805 1153 860 τοῦ

137 897 198 985 μὲν
220 901 288 967 ὑπὸ
307 906 391 986 ΒΔ,
408 905 477 966 ΒΓ
494 903 599 986 ἥμισύ
620 901 690 968 ἐστι
711 904 749 968 τὸ
772 906 875 968 ΕΒΓ
893 906 1067 988 τρίγωνον,
1091 909 1156 967 τοῦ

138 1004 175 1072 δέ
202 1008 267 1074 ὑπὸ
291 1015 323 1073 Α
330 1013 371 1092 Ζ,
395 1012 462 1074 ΒΓ
483 1009 586 1093 ἥμισύ
614 1009 683 1074 ἐστι
706 1011 747 1074 τὸ
767 1012 872 1074 ΑΒΓ
891 1013 1068 1094 τρίγωνον·
1096 1008 1153 1074 καὶ

137 1118 175 1180 τὸ
196 1118 298 1180 ΒΕΓ
316 1117 380 1202 ἄρα
402 1117 485 1202 πρὸς
506 1117 543 1180 τὸ
562 1119 668 1181 ΒΑΓ
686 1119 787 1199 λόγον
810 1119 886 1201 ἔχει,
910 1115 950 1181 ὃν
972 1116 992 1199 ἡ
1018 1121 1047 1181 Θ
1068 1117 1154 1202 πρὸς

140 1226 188 1307 Η,
211 1221 360 1288 τουτέστι
383 1224 442 1288 τὸν
465 1221 693 1307 έπιταχθέντα.

87 1337 119 1384 10
204 1329 287 1394 ἀλλὰ
306 1330 347 1413 δὴ
367 1328 465 1413 ἐχέτω
484 1331 504 1414 ἡ
525 1334 554 1394 Θ
572 1331 655 1416 πρὸς
672 1333 711 1394 Η
725 1329 883 1395 ἐλᾶττονα
906 1331 1007 1412 λόγον
1024 1329 1106 1414 ἥπερ
1129 1328 1153 1412 ἡ

137 1440 206 1502 ΕΔ
227 1438 311 1518 πρὸς
328 1440 404 1519 ΑΖ,
427 1434 575 1519 γενέσθω
599 1435 646 1520 δέ,
670 1435 757 1520 ὡςὴ
783 1439 813 1501 Θ
833 1437 916 1522 πρὸς
938 1437 984 1519 Η,
1007 1433 1154 1518 οὕτωςὴ

138 1545 208 1606 ΚΔ
235 1542 318 1628 πρὸς
345 1547 425 1627 ΑΖ,
456 1541 512 1607 καὶ
544 1543 600 1608 διὰ
633 1552 693 1608 τοῦ
721 1547 757 1607 Κ
784 1551 823 1628 τῇ
853 1543 922 1607 ΓΔ
945 1541 1156 1629 παράλληλος

138 1650 233 1732 ἤχθω
266 1647 286 1730 ἡ
314 1651 397 1733 ΚΛ,
428 1647 483 1714 καὶ
516 1647 765 1734 ἐπεζεύχθωσαν
793 1651 830 1714 αἱ
854 1653 933 1732 ΑΒ,
958 1653 1031 1713 ΛΓ.
1083 1647 1155 1714 ἐπεὶ

140 1749 212 1839 οὖν,
236 1755 280 1833 ὡς
302 1754 323 1838 ἡ
349 1760 379 1820 Θ
399 1757 482 1842 πρὸς
504 1760 554 1840 Η,
578 1757 684 1833 οὕτως
707 1757 727 1840 ἡ
751 1759 820 1820 ΚΔ
842 1757 926 1841 πρὸς
948 1760 1028 1838 ΑΖ,
1048 1755 1092 1831 ὡς
1115 1751 1155 1820 δὲ

88 1871 120 1919 15
140 1860 160 1944 ἡ
184 1865 256 1926 ΚΔ
276 1863 361 1948 πρὸς
381 1867 461 1946 ΑΖ,
490 1863 596 1940 οὕτως
622 1864 660 1928 τὸ
688 1865 792 1927 ΒΑΓ
813 1866 978 1948 τρίγωνον
1004 1862 1087 1948 πρὸς
1114 1861 1153 1926 τὸ

140 1972 246 2034 ΒΑΓ
263 1973 437 2054 τρίγωνον,
460 1970 497 2034 τὸ
521 1971 585 2055 ἄρα
603 1971 709 2034 ΒΑΓ
726 1971 809 2055 πρὸς
827 1970 864 2034 τὸ
883 1972 989 2033 ΒΑΓ
1006 1969 1064 2033 τὸν
1084 1968 1153 2033 ἐπι-

140 2073 304 2158 ταχθέντα
328 2077 392 2158 ἔχει
421 2077 521 2157 λόγον
553 2077 612 2140 τὸν
635 2085 693 2159 τῆς
718 2079 747 2140 Θ
769 2077 851 2161 πρὸς
873 2078 926 2139 Η·
950 2077 1014 2159 ἔχει
1038 2071 1075 2139 δέ
1097 2073 1153 2139 καὶ

140 2182 201 2265 τὴν
225 2185 295 2245 ΛΑ
312 2186 388 2264 δσην
410 2190 449 2266 τῇ
473 2187 556 2245 ΑΑ·
580 2180 598 2245 ὃ
621 2180 858 2267 προστέτακται
881 2190 1025 2265 ποιῆσαι.

619 2375 677 2454 κζ’.

88 2508 123 2560 20
213 2502 279 2566 Γον
302 2499 446 2567 δοθέντα
469 2511 578 2566 κῶνον
601 2503 768 2584 σκαληνὸν
790 2513 899 2585 τεμεῖν
922 2502 979 2565 διὰ
1001 2510 1060 2566 τοῦ
1079 2500 1153 2580 ἄξο-

141 2632 199 2685 νος
227 2607 368 2697 ἐπιπέδῳ
396 2615 549 2673 ποιοῦντι
576 2611 741 2694 τρίγωνον
769 2607 805 2672 ἐν
832 2615 877 2695 τῷ
905 2607 1016 2694 κώνῳ,
1048 2607 1066 2672 ὃ
1094 2608 1154 2672 τὸν

140 2713 286 2780 δοθέντα
313 2718 414 2798 λόγον
442 2713 505 2793 ἕξει
534 2717 617 2800 πρὸς
646 2716 683 2780 τὸ
714 2713 886 2798 ἐλάχιστον
915 2725 982 2779 τῶν
1010 2713 1066 2779 διὰ
1092 2724 1153 2780 τοῦ

142 2820 261 2900 ἄξονος
284 2823 470 2907 τριγώνων·
494 2823 548 2886 δεῖ
568 2823 609 2905 δὴ
633 2823 692 2886 τὸν
715 2819 860 2886 δοθέντα
883 2825 984 2904 λόγον
1006 2825 1154 2905 μείζονος

143 2930 223 2993 ἄντα
250 2929 332 3013 πρὸς
359 2931 495 2993 ἔλαττον
522 2930 566 3012 μὴ
594 2929 726 3012 μείζονα
753 2923 838 2992 εἶναι
867 2937 927 2992 τοῦ
955 2926 995 2992 ὃν
1023 2930 1087 3011 ἔχει
1114 2929 1153 2993 τὸ

89 3044 124 3093 25
144 3033 299 3120 μέγιστον
321 3037 486 3118 τρίγωνον
511 3045 578 3100 τῶν
604 3035 660 3098 διὰ
685 3043 745 3099 τοῦ
771 3032 888 3111 ἄξονος
912 3035 997 3119 πρὸς
1019 3035 1056 3098 τὸ
1080 3033 1154 3098 ε’λᾶ-

142 3158 264 3227 χιστον.
833 3145 841 3158 “

211 3251 292 3314 έστω
317 3247 334 3314 ὁ
359 3244 473 3323 δοθεὶς
495 3258 602 3325 κῶνος
625 3249 797 3332 σκαληνός,
821 3241 861 3313 οὗ
885 3246 903 3313 ὁ
927 3245 1015 3325 ἄξων
1038 3245 1154 3331 ὁΑΒ,

214 3448 238 3496 2.
258 3439 307 3512 ὡς]
325 3457 411 3511 supra
430 3457 480 3494 scr.
499 3458 526 3510 p.
586 3441 630 3511 H]
648 3439 701 3510 τὴν
719 3444 749 3494 Η
764 3459 791 3508 p.
866 3445 890 3494 ³.
910 3438 1155 3512 AZ(utrumque)]

141 3513 196 3581 τὴν
212 3517 264 3566 ΑΖ
281 3531 308 3581 p.
381 3520 406 3566 4.
426 3512 465 3574 ὡς
481 3510 538 3580 ἄρα
557 3543 591 3552 -
610 3517 635 3564 5.
654 3515 717 3580 ΑΖ,
737 3511 810 3583 ΒΓ]
831 3527 885 3566 om.
905 3529 931 3581 p.
1005 3517 1028 3565 6.
1052 3513 1153 3584 ΕΒΓ]

144 3600 211 3638 corr.
227 3599 262 3637 ex
280 3588 364 3637 ΑΒΓ
378 3602 413 3638 m.
431 3589 444 3637 1
465 3599 487 3638 ο.
561 3583 630 3637 Post
648 3580 784 3652 τρίγωνον
802 3581 860 3636 del.
877 3583 927 3638 καὶ
944 3582 977 3637 τὸ
995 3585 1081 3636 ΒΕΓ
1094 3579 1155 3650 τρί-
