<?xml version="1.0" encoding="UTF-8"?>
<!DOCTYPE html PUBLIC "-//W3C//DTD XHTML 1.0 Transitional//EN"
    "http://www.w3.org/TR/xhtml1/DTD/xhtml1-transitional.dtd">
<html xmlns="http://www.w3.org/1999/xhtml" xml:lang="en" lang="en">
 <head>
  <title>
</title>
<meta http-equiv="Content-Type" content="text/html;charset=utf-8" />
  <meta name='ocr-system' content='tesseract 3.04.00' />
  <meta name='ocr-capabilities' content='ocr_page ocr_carea ocr_par ocr_line ocrx_word'/>
</head>
<body>
  <div class='ocr_page' id='page_1' title='image "./sereniantinoens02heibgoog_0310.png"; bbox 0 0 2604 3880; ppageno 0'>
   <div class='ocr_carea' id='block_1_1' title="bbox 138 187 836 251">
    <p class='ocr_par' dir='ltr' id='par_1_1' title="bbox 138 187 836 251">
     <span class='ocr_line' id='line_1_1' title="bbox 138 187 836 251; baseline -0.016 0"><span class='ocrx_word' id='word_1_1' title='bbox 138 187 203 251; x_wconf 81' lang='lat'><strong><em>286</em></strong></span> <span class='ocrx_word' id='word_1_2' title='bbox 449 189 536 240; x_wconf 72' lang='lat' dir='ltr'><strong><em>nm</em></strong></span> <span class='ocrx_word' id='word_1_3' title='bbox 554 188 682 240; x_wconf 75' lang='grc' dir='ltr'><strong><em>Καωον</em></strong></span> <span class='ocrx_word' id='word_1_4' title='bbox 700 188 836 240; x_wconf 72' lang='grc' dir='ltr'><strong><em>ωοωΗΣ.</em></strong></span> 
     </span>
    </p>
   </div>
   <div class='ocr_carea' id='block_1_2' title="bbox 84 329 1151 2012">
    <p class='ocr_par' dir='ltr' id='par_1_2' title="bbox 84 329 1151 2012">
     <span class='ocr_line' id='line_1_2' title="bbox 138 329 1149 416; baseline 0.001 -21"><span class='ocrx_word' id='word_1_5' title='bbox 138 334 292 414; x_wconf 83' lang='grc' dir='ltr'><em>ΚΗΓΔ,</em></span> <span class='ocrx_word' id='word_1_6' title='bbox 322 335 455 395; x_wconf 89' lang='grc' dir='ltr'>ΒΘΕΖ</span> <span class='ocrx_word' id='word_1_7' title='bbox 478 332 596 396; x_wconf 83' lang='grc' dir='ltr'><strong><em>κώνων</em></strong></span> <span class='ocrx_word' id='word_1_8' title='bbox 620 332 659 394; x_wconf 79' lang='grc' dir='ltr'><strong><em>τὰ</em></strong></span> <span class='ocrx_word' id='word_1_9' title='bbox 683 331 739 395; x_wconf 84' lang='grc' dir='ltr'><strong><em>διὰ</em></strong></span> <span class='ocrx_word' id='word_1_10' title='bbox 761 341 829 396; x_wconf 91' lang='grc' dir='ltr'><strong><em>τῶν</em></strong></span> <span class='ocrx_word' id='word_1_11' title='bbox 852 329 981 408; x_wconf 79' lang='grc' dir='ltr'><strong><em>ἀξόνων</em></strong></span> <span class='ocrx_word' id='word_1_12' title='bbox 1002 333 1149 416; x_wconf 80' lang='grc' dir='ltr'><strong><em>τρίγωνα</em></strong></span> 
     </span>
     <span class='ocr_line' id='line_1_3' title="bbox 137 436 1148 532; baseline 0 -30"><span class='ocrx_word' id='word_1_13' title='bbox 137 439 177 502; x_wconf 83' lang='grc' dir='ltr'><strong><em>τολ</em></strong></span> <span class='ocrx_word' id='word_1_14' title='bbox 201 441 317 520; x_wconf 85' lang='grc' dir='ltr'><em>ΚΓΛ,</em></span> <span class='ocrx_word' id='word_1_15' title='bbox 345 441 443 501; x_wconf 89' lang='grc' dir='ltr'><strong><em>ΒΕΖ</em></strong></span> <span class='ocrx_word' id='word_1_16' title='bbox 471 443 526 501; x_wconf 84' lang='grc' dir='ltr'><strong><em>ίσα</em></strong></span> <span class='ocrx_word' id='word_1_17' title='bbox 554 437 709 520; x_wconf 82' lang='grc' dir='ltr'><strong><em>ἀλλήλοις</em></strong></span> <span class='ocrx_word' id='word_1_18' title='bbox 732 436 835 520; x_wconf 75' lang='grc' dir='ltr'><strong><em>ἐστίν,</em></strong></span> <span class='ocrx_word' id='word_1_19' title='bbox 864 437 884 520; x_wconf 92' lang='lat'><em>6</em></span> <span class='ocrx_word' id='word_1_20' title='bbox 908 439 972 523; x_wconf 78' lang='grc' dir='ltr'><strong><em>ἄρα</em></strong></span> <span class='ocrx_word' id='word_1_21' title='bbox 994 441 1034 500; x_wconf 90' lang='grc' dir='ltr'>Η</span> <span class='ocrx_word' id='word_1_22' title='bbox 1051 437 1148 532; x_wconf 71' lang='grc' dir='ltr'><strong><em>ῥύσις</em></strong></span> 
     </span>
     <span class='ocr_line' id='line_1_4' title="bbox 137 544 1148 630; baseline 0.003 -22"><span class='ocrx_word' id='word_1_23' title='bbox 137 553 197 609; x_wconf 87' lang='grc' dir='ltr'><strong><em>τοῦ</em></strong></span> <span class='ocrx_word' id='word_1_24' title='bbox 225 545 335 608; x_wconf 82' lang='grc' dir='ltr'><strong><em>κώνου</em></strong></span> <span class='ocrx_word' id='word_1_25' title='bbox 362 545 445 630; x_wconf 91' lang='grc' dir='ltr'><strong><em>πρὸς</em></strong></span> <span class='ocrx_word' id='word_1_26' title='bbox 472 545 532 627; x_wconf 81' lang='grc' dir='ltr'><strong><em>τὴν</em></strong></span> <span class='ocrx_word' id='word_1_27' title='bbox 558 548 586 608; x_wconf 99' lang='grc' dir='ltr'>Θ</span> <span class='ocrx_word' id='word_1_28' title='bbox 614 544 713 626; x_wconf 80' lang='grc' dir='ltr'><strong><em>βάσιν</em></strong></span> <span class='ocrx_word' id='word_1_29' title='bbox 737 544 935 608; x_wconf 79' lang='grc' dir='ltr'><strong><em>διπλασίονα</em></strong></span> <span class='ocrx_word' id='word_1_30' title='bbox 958 547 1059 627; x_wconf 81' lang='grc' dir='ltr'><strong><em>λόγον</em></strong></span> <span class='ocrx_word' id='word_1_31' title='bbox 1082 548 1148 628; x_wconf 83' lang='grc' dir='ltr'><strong><em>ἔχει</em></strong></span> 
     </span>
     <span class='ocr_line' id='line_1_5' title="bbox 137 649 1147 736; baseline 0 -20"><span class='ocrx_word' id='word_1_32' title='bbox 137 651 219 736; x_wconf 75' lang='grc' dir='ltr'><strong><em>ἥπερ</em></strong></span> <span class='ocrx_word' id='word_1_33' title='bbox 247 650 265 716; x_wconf 99' lang='lat'><em>6</em></span> <span class='ocrx_word' id='word_1_34' title='bbox 288 654 427 715; x_wconf 89' lang='grc' dir='ltr'><em>ΚΗΓΔ</em></span> <span class='ocrx_word' id='word_1_35' title='bbox 454 661 560 726; x_wconf 81' lang='grc' dir='ltr'><strong><em>κῶνος</em></strong></span> <span class='ocrx_word' id='word_1_36' title='bbox 581 651 665 736; x_wconf 90' lang='grc' dir='ltr'><strong><em>πρὸς</em></strong></span> <span class='ocrx_word' id='word_1_37' title='bbox 687 651 746 715; x_wconf 90' lang='grc' dir='ltr'><strong><em>τὸν</em></strong></span> <span class='ocrx_word' id='word_1_38' title='bbox 769 654 916 734; x_wconf 82' lang='grc' dir='ltr'>ΒΘΕΖ,</span> <span class='ocrx_word' id='word_1_39' title='bbox 945 649 990 726; x_wconf 90' lang='grc' dir='ltr'><strong><em>ώς</em></strong></span> <span class='ocrx_word' id='word_1_40' title='bbox 1013 649 1147 735; x_wconf 76' lang='grc' dir='ltr'><em>ἐδείχθη</em></span> 
     </span>
     <span class='ocr_line' id='line_1_6' title="bbox 103 753 1147 845; baseline 0.005 -28"><span class='ocrx_word' id='word_1_41' title='bbox 103 756 174 821; x_wconf 77' lang='grc' dir='ltr'><strong><em>όέν</em></strong></span> <span class='ocrx_word' id='word_1_42' title='bbox 201 766 245 845; x_wconf 80' lang='grc' dir='ltr'><strong><em>τῶ</em></strong></span> <span class='ocrx_word' id='word_1_43' title='bbox 274 759 337 843; x_wconf 90' lang='grc' dir='ltr'><strong><em>πρὸ</em></strong></span> <span class='ocrx_word' id='word_1_44' title='bbox 366 755 439 833; x_wconf 84' lang='grc' dir='ltr'><strong><em>ἑνὸς</em></strong></span> <span class='ocrx_word' id='word_1_45' title='bbox 465 759 663 841; x_wconf 77' lang='grc' dir='ltr'><strong><em>θεωρήματι.</em></strong></span> <span class='ocrx_word' id='word_1_46' title='bbox 711 757 755 833; x_wconf 84' lang='grc' dir='ltr'><strong><em>ὡς</em></strong></span> <span class='ocrx_word' id='word_1_47' title='bbox 778 753 814 821; x_wconf 73' lang='grc' dir='ltr'><strong><em>δὲ</em></strong></span> <span class='ocrx_word' id='word_1_48' title='bbox 837 756 854 822; x_wconf 94' lang='lat'><em>6</em></span> <span class='ocrx_word' id='word_1_49' title='bbox 879 760 1019 821; x_wconf 86' lang='grc' dir='ltr'><em>ΚΗΓΔ</em></span> <span class='ocrx_word' id='word_1_50' title='bbox 1041 767 1147 834; x_wconf 90' lang='grc' dir='ltr'><strong><em>κῶνος</em></strong></span> 
     </span>
     <span class='ocr_line' id='line_1_7' title="bbox 137 863 1146 950; baseline 0.001 -22"><span class='ocrx_word' id='word_1_51' title='bbox 137 865 219 949; x_wconf 87' lang='grc' dir='ltr'><strong><em>πρὸς</em></strong></span> <span class='ocrx_word' id='word_1_52' title='bbox 242 865 301 929; x_wconf 90' lang='grc' dir='ltr'><strong><em>τὸν</em></strong></span> <span class='ocrx_word' id='word_1_53' title='bbox 324 868 472 947; x_wconf 82' lang='grc' dir='ltr'>ΒΘΕΖ,</span> <span class='ocrx_word' id='word_1_54' title='bbox 495 864 600 940; x_wconf 87' lang='grc' dir='ltr'><strong><em>ούτως</em></strong></span> <span class='ocrx_word' id='word_1_55' title='bbox 623 863 640 929; x_wconf 92' lang='lat'><em>6</em></span> <span class='ocrx_word' id='word_1_56' title='bbox 664 866 803 928; x_wconf 89' lang='grc' dir='ltr'><em>ΑΗΓΔ</em></span> <span class='ocrx_word' id='word_1_57' title='bbox 825 865 908 950; x_wconf 90' lang='grc' dir='ltr'><strong><em>πρὸς</em></strong></span> <span class='ocrx_word' id='word_1_58' title='bbox 931 864 990 928; x_wconf 90' lang='grc' dir='ltr'><strong><em>τὸν</em></strong></span> <span class='ocrx_word' id='word_1_59' title='bbox 1008 867 1146 929; x_wconf 86' lang='grc' dir='ltr'><em>ΚΗΓΔ</em></span> 
     </span>
     <span class='ocr_line' id='line_1_8' title="bbox 136 968 1148 1056; baseline 0.001 -22"><span class='ocrx_word' id='word_1_60' title='bbox 136 968 192 1034; x_wconf 80' lang='grc' dir='ltr'><strong><em>καὶ</em></strong></span> <span class='ocrx_word' id='word_1_61' title='bbox 223 969 243 1053; x_wconf 94' lang='lat'><em>6</em></span> <span class='ocrx_word' id='word_1_62' title='bbox 271 975 348 1034; x_wconf 85' lang='lat' dir='ltr'><strong><em>AH</em></strong></span> <span class='ocrx_word' id='word_1_63' title='bbox 371 970 486 1035; x_wconf 83' lang='grc' dir='ltr'><strong><em>εὐθεῖα</em></strong></span> <span class='ocrx_word' id='word_1_64' title='bbox 513 971 596 1056; x_wconf 89' lang='grc' dir='ltr'><strong><em>πρὸς</em></strong></span> <span class='ocrx_word' id='word_1_65' title='bbox 622 971 684 1054; x_wconf 78' lang='grc' dir='ltr'><strong><em>τὴν</em></strong></span> <span class='ocrx_word' id='word_1_66' title='bbox 710 973 795 1034; x_wconf 91' lang='grc' dir='ltr'><strong><em>ΗΚ·</em></strong></span> <span class='ocrx_word' id='word_1_67' title='bbox 828 969 846 1035; x_wconf 95' lang='lat'><em>6</em></span> <span class='ocrx_word' id='word_1_68' title='bbox 874 972 938 1056; x_wconf 79' lang='grc' dir='ltr'><strong><em>ἄρα</em></strong></span> <span class='ocrx_word' id='word_1_69' title='bbox 965 973 1005 1034; x_wconf 90' lang='grc' dir='ltr'><strong>Η</strong></span> <span class='ocrx_word' id='word_1_70' title='bbox 1027 971 1148 1047; x_wconf 78' lang='grc' dir='ltr'><strong><em>κύκλος</em></strong></span> 
     </span>
     <span class='ocr_line' id='line_1_9' title="bbox 136 1075 1151 1162; baseline 0 -22"><span class='ocrx_word' id='word_1_71' title='bbox 136 1078 219 1161; x_wconf 89' lang='grc' dir='ltr'><strong><em>πρὸς</em></strong></span> <span class='ocrx_word' id='word_1_72' title='bbox 241 1078 300 1142; x_wconf 91' lang='grc' dir='ltr'><strong><em>τὸν</em></strong></span> <span class='ocrx_word' id='word_1_73' title='bbox 321 1081 350 1140; x_wconf 94' lang='grc' dir='ltr'>Θ</span> <span class='ocrx_word' id='word_1_74' title='bbox 372 1078 495 1141; x_wconf 80' lang='grc' dir='ltr'><strong><em>κύκλον</em></strong></span> <span class='ocrx_word' id='word_1_75' title='bbox 514 1077 711 1141; x_wconf 77' lang='grc' dir='ltr'><strong><em>διπλασίονα</em></strong></span> <span class='ocrx_word' id='word_1_76' title='bbox 731 1079 832 1158; x_wconf 81' lang='grc' dir='ltr'><strong><em>λόγον</em></strong></span> <span class='ocrx_word' id='word_1_77' title='bbox 851 1079 916 1160; x_wconf 81' lang='grc' dir='ltr'><strong><em>ἔχει</em></strong></span> <span class='ocrx_word' id='word_1_78' title='bbox 934 1078 1015 1162; x_wconf 79' lang='grc' dir='ltr'><strong><em>ἥπερ</em></strong></span> <span class='ocrx_word' id='word_1_79' title='bbox 1034 1075 1055 1159; x_wconf 98' lang='lat'><em>6</em></span> <span class='ocrx_word' id='word_1_80' title='bbox 1074 1080 1151 1140; x_wconf 83' lang='grc' dir='ltr'><strong><em>ΑΗ</em></strong></span> 
     </span>
     <span class='ocr_line' id='line_1_10' title="bbox 136 1179 1147 1268; baseline 0.001 -21"><span class='ocrx_word' id='word_1_81' title='bbox 136 1184 218 1268; x_wconf 87' lang='grc' dir='ltr'><strong><em>πρὸς</em></strong></span> <span class='ocrx_word' id='word_1_82' title='bbox 249 1184 310 1266; x_wconf 78' lang='grc' dir='ltr'><strong><em>τὴν</em></strong></span> <span class='ocrx_word' id='word_1_83' title='bbox 342 1187 421 1246; x_wconf 88' lang='lat' dir='ltr'><strong><em>HK.</em></strong></span> <span class='ocrx_word' id='word_1_84' title='bbox 477 1185 542 1266; x_wconf 80' lang='grc' dir='ltr'><strong><em>ἔχει</em></strong></span> <span class='ocrx_word' id='word_1_85' title='bbox 574 1179 611 1246; x_wconf 76' lang='grc' dir='ltr'><strong><em>δὲ</em></strong></span> <span class='ocrx_word' id='word_1_86' title='bbox 643 1183 660 1248; x_wconf 91' lang='grc' dir='ltr'>ὁ</span> <span class='ocrx_word' id='word_1_87' title='bbox 692 1187 732 1246; x_wconf 93' lang='grc' dir='ltr'>Η</span> <span class='ocrx_word' id='word_1_88' title='bbox 759 1183 879 1258; x_wconf 81' lang='grc' dir='ltr'><strong><em>κύκλος</em></strong></span> <span class='ocrx_word' id='word_1_89' title='bbox 910 1184 993 1268; x_wconf 90' lang='grc' dir='ltr'><strong><em>πρὸς</em></strong></span> <span class='ocrx_word' id='word_1_90' title='bbox 1023 1183 1083 1248; x_wconf 90' lang='grc' dir='ltr'><strong><em>τὸν</em></strong></span> <span class='ocrx_word' id='word_1_91' title='bbox 1118 1187 1147 1247; x_wconf 93' lang='grc' dir='ltr'>Θ</span> 
     </span>
     <span class='ocr_line' id='line_1_11' title="bbox 85 1286 1147 1374; baseline 0.004 -26"><span class='ocrx_word' id='word_1_92' title='bbox 85 1301 118 1349; x_wconf 93' lang='lat'><strong><em>10</em></strong></span> <span class='ocrx_word' id='word_1_93' title='bbox 137 1291 260 1354; x_wconf 91' lang='grc' dir='ltr'><strong><em>κύκλον</em></strong></span> <span class='ocrx_word' id='word_1_94' title='bbox 283 1290 479 1353; x_wconf 79' lang='grc' dir='ltr'><strong><em>διπλασίονα</em></strong></span> <span class='ocrx_word' id='word_1_95' title='bbox 502 1290 603 1370; x_wconf 80' lang='grc' dir='ltr'><strong><em>λόγον</em></strong></span> <span class='ocrx_word' id='word_1_96' title='bbox 626 1297 686 1352; x_wconf 85' lang='grc' dir='ltr'><strong><em>τοῦ</em></strong></span> <span class='ocrx_word' id='word_1_97' title='bbox 710 1286 749 1352; x_wconf 89' lang='grc' dir='ltr'><strong><em>ὃν</em></strong></span> <span class='ocrx_word' id='word_1_98' title='bbox 768 1290 833 1371; x_wconf 72' lang='grc' dir='ltr'><strong><em>ἔχει</em></strong></span> <span class='ocrx_word' id='word_1_99' title='bbox 851 1287 871 1370; x_wconf 91' lang='lat'><em>6</em></span> <span class='ocrx_word' id='word_1_100' title='bbox 893 1292 953 1352; x_wconf 88' lang='grc' dir='ltr'><strong><em>ΓΛ</em></strong></span> <span class='ocrx_word' id='word_1_101' title='bbox 973 1289 1147 1374; x_wconf 81' lang='grc' dir='ltr'><strong><em>διάμετρος</em></strong></span> 
     </span>
     <span class='ocr_line' id='line_1_12' title="bbox 136 1394 1150 1482; baseline -0.001 -22"><span class='ocrx_word' id='word_1_102' title='bbox 136 1398 219 1482; x_wconf 89' lang='grc' dir='ltr'><strong><em>πρὸς</em></strong></span> <span class='ocrx_word' id='word_1_103' title='bbox 241 1397 301 1478; x_wconf 78' lang='grc' dir='ltr'><strong><em>τὴν</em></strong></span> <span class='ocrx_word' id='word_1_104' title='bbox 324 1400 399 1459; x_wconf 90' lang='grc' dir='ltr'><strong><em>ΕΖ·</em></strong></span> <span class='ocrx_word' id='word_1_105' title='bbox 425 1394 469 1471; x_wconf 88' lang='grc' dir='ltr'><strong><em>ώς</em></strong></span> <span class='ocrx_word' id='word_1_106' title='bbox 492 1396 555 1479; x_wconf 80' lang='grc' dir='ltr'><strong><em>ἄρα</em></strong></span> <span class='ocrx_word' id='word_1_107' title='bbox 581 1395 598 1478; x_wconf 88' lang='lat'><em>6</em></span> <span class='ocrx_word' id='word_1_108' title='bbox 623 1397 684 1458; x_wconf 85' lang='grc' dir='ltr'><strong><em>ΓΛ</em></strong></span> <span class='ocrx_word' id='word_1_109' title='bbox 706 1395 788 1477; x_wconf 87' lang='grc' dir='ltr'><strong><em>πρὸς</em></strong></span> <span class='ocrx_word' id='word_1_110' title='bbox 806 1400 883 1478; x_wconf 74' lang='grc' dir='ltr'><strong><em>ΕΖ,</em></strong></span> <span class='ocrx_word' id='word_1_111' title='bbox 908 1395 1013 1471; x_wconf 83' lang='grc' dir='ltr'><strong><em>οὕτως</em></strong></span> <span class='ocrx_word' id='word_1_112' title='bbox 1035 1395 1055 1479; x_wconf 94' lang='lat'><em>6</em></span> <span class='ocrx_word' id='word_1_113' title='bbox 1074 1399 1150 1459; x_wconf 90' lang='lat' dir='ltr'><strong><em>AH</em></strong></span> 
     </span>
     <span class='ocr_line' id='line_1_13' title="bbox 136 1497 1146 1590; baseline -0.002 -23"><span class='ocrx_word' id='word_1_114' title='bbox 136 1503 219 1588; x_wconf 86' lang='grc' dir='ltr'><strong><em>πρὸς</em></strong></span> <span class='ocrx_word' id='word_1_115' title='bbox 246 1505 326 1566; x_wconf 87' lang='grc' dir='ltr'><strong><em>ΗΚ.</em></strong></span> <span class='ocrx_word' id='word_1_116' title='bbox 372 1501 482 1585; x_wconf 81' lang='grc' dir='ltr'><strong><em>ἐπειδὴ</em></strong></span> <span class='ocrx_word' id='word_1_117' title='bbox 516 1497 553 1565; x_wconf 69' lang='grc' dir='ltr'><strong><em>δὲ</em></strong></span> <span class='ocrx_word' id='word_1_118' title='bbox 584 1501 621 1566; x_wconf 92' lang='grc' dir='ltr'><strong><em>τὸ</em></strong></span> <span class='ocrx_word' id='word_1_119' title='bbox 650 1504 748 1565; x_wconf 86' lang='grc' dir='ltr'><strong><em>ΚΓΔ</em></strong></span> <span class='ocrx_word' id='word_1_120' title='bbox 780 1504 943 1587; x_wconf 82' lang='grc' dir='ltr'><strong><em>τρίγωνον</em></strong></span> <span class='ocrx_word' id='word_1_121' title='bbox 974 1511 1020 1590; x_wconf 77' lang='grc' dir='ltr'><strong><em>τῷ</em></strong></span> <span class='ocrx_word' id='word_1_122' title='bbox 1048 1506 1146 1565; x_wconf 87' lang='grc' dir='ltr'><strong><em>ΒΕΖ</em></strong></span> 
     </span>
     <span class='ocr_line' id='line_1_14' title="bbox 136 1605 1145 1696; baseline 0 -24"><span class='ocrx_word' id='word_1_123' title='bbox 136 1608 287 1696; x_wconf 77' lang='grc' dir='ltr'><strong><em>τριγώνῳ</em></strong></span> <span class='ocrx_word' id='word_1_124' title='bbox 319 1614 392 1672; x_wconf 78' lang='grc' dir='ltr'><strong><em>ἴσον</em></strong></span> <span class='ocrx_word' id='word_1_125' title='bbox 421 1606 504 1691; x_wconf 80' lang='grc' dir='ltr'><strong><em>ἐστί,</em></strong></span> <span class='ocrx_word' id='word_1_126' title='bbox 535 1605 607 1672; x_wconf 90' lang='grc' dir='ltr'><strong><em>κατ’</em></strong></span> <span class='ocrx_word' id='word_1_127' title='bbox 633 1606 916 1690; x_wconf 66' lang='grc' dir='ltr'><strong><em>ἀντιπεπόνθασιν</em></strong></span> <span class='ocrx_word' id='word_1_128' title='bbox 942 1610 1020 1691; x_wconf 77' lang='grc' dir='ltr'><strong><em>ἄρα,</em></strong></span> <span class='ocrx_word' id='word_1_129' title='bbox 1053 1608 1097 1683; x_wconf 89' lang='grc' dir='ltr'><strong><em>ώς</em></strong></span> <span class='ocrx_word' id='word_1_130' title='bbox 1125 1609 1145 1691; x_wconf 95' lang='lat'><em>6</em></span> 
     </span>
     <span class='ocr_line' id='line_1_15' title="bbox 138 1712 1145 1800; baseline -0.001 -21"><span class='ocrx_word' id='word_1_131' title='bbox 138 1718 199 1779; x_wconf 86' lang='grc' dir='ltr'><strong><em>ΓΔ</em></strong></span> <span class='ocrx_word' id='word_1_132' title='bbox 225 1715 308 1800; x_wconf 90' lang='grc' dir='ltr'><strong><em>πρὸς</em></strong></span> <span class='ocrx_word' id='word_1_133' title='bbox 330 1719 410 1797; x_wconf 82' lang='grc' dir='ltr'><strong><em>ΕΖ,</em></strong></span> <span class='ocrx_word' id='word_1_134' title='bbox 439 1714 544 1791; x_wconf 79' lang='grc' dir='ltr'><strong><em>οὕτως</em></strong></span> <span class='ocrx_word' id='word_1_135' title='bbox 571 1713 591 1797; x_wconf 94' lang='lat'><em>6</em></span> <span class='ocrx_word' id='word_1_136' title='bbox 615 1718 644 1778; x_wconf 91' lang='lat' dir='ltr'><em>B</em></span> <span class='ocrx_word' id='word_1_137' title='bbox 654 1719 682 1778; x_wconf 92' lang='grc' dir='ltr'>Θ</span> <span class='ocrx_word' id='word_1_138' title='bbox 709 1715 792 1800; x_wconf 90' lang='grc' dir='ltr'><strong><em>πρὸς</em></strong></span> <span class='ocrx_word' id='word_1_139' title='bbox 814 1717 894 1778; x_wconf 89' lang='lat' dir='ltr'><strong><em>KH.</em></strong></span> <span class='ocrx_word' id='word_1_140' title='bbox 941 1713 1074 1798; x_wconf 81' lang='grc' dir='ltr'><strong><em>ἐδείχθη</em></strong></span> <span class='ocrx_word' id='word_1_141' title='bbox 1098 1712 1145 1797; x_wconf 78' lang='grc' dir='ltr'><strong><em>δέ,</em></strong></span> 
     </span>
     <span class='ocr_line' id='line_1_16' title="bbox 84 1818 1145 1906; baseline 0.005 -26"><span class='ocrx_word' id='word_1_142' title='bbox 84 1832 117 1881; x_wconf 83' lang='grc'><strong><em>15</em></strong></span> <span class='ocrx_word' id='word_1_143' title='bbox 137 1821 181 1897; x_wconf 87' lang='grc' dir='ltr'><strong><em>ῶς</em></strong></span> <span class='ocrx_word' id='word_1_144' title='bbox 203 1820 224 1903; x_wconf 95' lang='lat'><em>6</em></span> <span class='ocrx_word' id='word_1_145' title='bbox 249 1824 309 1885; x_wconf 85' lang='grc' dir='ltr'><strong><em>ΓΛ</em></strong></span> <span class='ocrx_word' id='word_1_146' title='bbox 331 1822 414 1906; x_wconf 86' lang='grc' dir='ltr'><strong><em>πρὸς</em></strong></span> <span class='ocrx_word' id='word_1_147' title='bbox 436 1821 644 1904; x_wconf 55' lang='grc' dir='ltr'><strong><em>ΕΖ,,ούτως</em></strong></span> <span class='ocrx_word' id='word_1_148' title='bbox 665 1818 720 1884; x_wconf 87' lang='grc' dir='ltr'><strong><em>καλ</em></strong></span> <span class='ocrx_word' id='word_1_149' title='bbox 743 1819 763 1902; x_wconf 92' lang='lat'><em>6</em></span> <span class='ocrx_word' id='word_1_150' title='bbox 787 1824 863 1884; x_wconf 87' lang='lat' dir='ltr'><strong><em>AH</em></strong></span> <span class='ocrx_word' id='word_1_151' title='bbox 880 1821 964 1904; x_wconf 90' lang='grc' dir='ltr'><strong><em>πρὸς</em></strong></span> <span class='ocrx_word' id='word_1_152' title='bbox 982 1825 1064 1885; x_wconf 89' lang='lat' dir='ltr'><strong><em>KH·</em></strong></span> <span class='ocrx_word' id='word_1_153' title='bbox 1090 1819 1145 1885; x_wconf 83' lang='grc' dir='ltr'><strong><em>καλ</em></strong></span> 
     </span>
     <span class='ocr_line' id='line_1_17' title="bbox 137 1925 1144 2012; baseline 0.001 -21"><span class='ocrx_word' id='word_1_154' title='bbox 137 1928 181 2003; x_wconf 90' lang='grc' dir='ltr'><strong><em>ώς</em></strong></span> <span class='ocrx_word' id='word_1_155' title='bbox 204 1929 267 2012; x_wconf 76' lang='grc' dir='ltr'><strong><em>ἄρα</em></strong></span> <span class='ocrx_word' id='word_1_156' title='bbox 290 1926 310 2010; x_wconf 95' lang='lat'><em>6</em></span> <span class='ocrx_word' id='word_1_157' title='bbox 330 1932 395 1992; x_wconf 87' lang='grc' dir='ltr'><strong><em>ΒΘ</em></strong></span> <span class='ocrx_word' id='word_1_158' title='bbox 412 1929 495 2008; x_wconf 89' lang='grc' dir='ltr'><strong><em>πρὸς</em></strong></span> <span class='ocrx_word' id='word_1_159' title='bbox 513 1931 594 2010; x_wconf 78' lang='grc' dir='ltr'><strong><em>ΚΗ,</em></strong></span> <span class='ocrx_word' id='word_1_160' title='bbox 618 1927 723 2003; x_wconf 78' lang='grc' dir='ltr'><strong><em>οὕτως</em></strong></span> <span class='ocrx_word' id='word_1_161' title='bbox 741 1925 761 2009; x_wconf 93' lang='lat'><em>6</em></span> <span class='ocrx_word' id='word_1_162' title='bbox 781 1930 856 1990; x_wconf 88' lang='lat' dir='ltr'><strong><em>AH</em></strong></span> <span class='ocrx_word' id='word_1_163' title='bbox 871 1927 953 2012; x_wconf 87' lang='grc' dir='ltr'><strong><em>πρὸς</em></strong></span> <span class='ocrx_word' id='word_1_164' title='bbox 971 1931 1050 1992; x_wconf 88' lang='lat' dir='ltr'><strong><em>KH.</em></strong></span> <span class='ocrx_word' id='word_1_165' title='bbox 1091 1933 1144 2011; x_wconf 80' lang='grc' dir='ltr'><strong><em>ίση</em></strong></span> 
     </span>
    </p>
   </div>
   <div class='ocr_carea' id='block_1_3' title="bbox 139 2022 947 2119">
    <p class='ocr_par' dir='ltr' id='par_1_3' title="bbox 139 2022 947 2119">
     <span class='ocr_line' id='line_1_18' title="bbox 139 2022 947 2119; baseline 0.002 -23"><span class='ocrx_word' id='word_1_166' title='bbox 139 2033 203 2117; x_wconf 84' lang='grc' dir='ltr'><strong><em>όίρα</em></strong></span> <span class='ocrx_word' id='word_1_167' title='bbox 227 2030 316 2096; x_wconf 79' lang='grc' dir='ltr'><strong><em>ἐστὶν</em></strong></span> <span class='ocrx_word' id='word_1_168' title='bbox 339 2031 359 2114; x_wconf 91' lang='lat'><em>6</em></span> <span class='ocrx_word' id='word_1_169' title='bbox 382 2036 458 2096; x_wconf 89' lang='lat' dir='ltr'><strong><em>AH</em></strong></span> <span class='ocrx_word' id='word_1_170' title='bbox 476 2041 515 2117; x_wconf 74' lang='grc' dir='ltr'><strong><em>τῇ</em></strong></span> <span class='ocrx_word' id='word_1_171' title='bbox 539 2037 617 2096; x_wconf 90' lang='grc' dir='ltr'><strong><em>ΒΘ·</em></strong></span> <span class='ocrx_word' id='word_1_172' title='bbox 641 2034 720 2119; x_wconf 79' lang='grc' dir='ltr'><strong><em>ὅπερ</em></strong></span> <span class='ocrx_word' id='word_1_173' title='bbox 744 2022 810 2098; x_wconf 80' lang='grc' dir='ltr'><strong><em>ἔδει</em></strong></span> <span class='ocrx_word' id='word_1_174' title='bbox 835 2031 947 2111; x_wconf 82' lang='grc' dir='ltr'><strong><em>δεῖξαι.</em></strong></span> 
     </span>
    </p>
   </div>
   <div class='ocr_carea' id='block_1_4' title="bbox 84 2224 1145 3181">
    <p class='ocr_par' dir='ltr' id='par_1_4' title="bbox 84 2224 1145 3181">
     <span class='ocr_line' id='line_1_19' title="bbox 610 2224 671 2303; baseline 0 -13"><span class='ocrx_word' id='word_1_175' title='bbox 610 2224 671 2303; x_wconf 82' lang='grc' dir='ltr'><strong><em>ξδ’.</em></strong></span> 
     </span>
     <span class='ocr_line' id='line_1_20' title="bbox 209 2349 1145 2436; baseline 0.003 -22"><span class='ocrx_word' id='word_1_176' title='bbox 209 2353 282 2414; x_wconf 90' lang='grc' dir='ltr'><strong><em>Τῶν</em></strong></span> <span class='ocrx_word' id='word_1_177' title='bbox 305 2349 597 2415; x_wconf 79' lang='grc' dir='ltr'><strong><em>ἀντιπεπονθότων</em></strong></span> <span class='ocrx_word' id='word_1_178' title='bbox 620 2351 737 2415; x_wconf 88' lang='grc' dir='ltr'><strong><em>κώνων</em></strong></span> <span class='ocrx_word' id='word_1_179' title='bbox 760 2350 876 2436; x_wconf 81' lang='grc' dir='ltr'><strong><em>ὀρθῶν</em></strong></span> <span class='ocrx_word' id='word_1_180' title='bbox 898 2364 967 2428; x_wconf 77' lang='grc' dir='ltr'><strong><em>τοῖς</em></strong></span> <span class='ocrx_word' id='word_1_181' title='bbox 989 2350 1081 2430; x_wconf 86' lang='grc' dir='ltr'><strong><em>όίξοσι</em></strong></span> <span class='ocrx_word' id='word_1_182' title='bbox 1104 2353 1145 2417; x_wconf 82' lang='grc' dir='ltr'><strong><em>τὰ</em></strong></span> 
     </span>
     <span class='ocr_line' id='line_1_21' title="bbox 84 2455 957 2543; baseline 0.006 -25"><span class='ocrx_word' id='word_1_183' title='bbox 84 2471 118 2519; x_wconf 79' lang='lat'><strong><em>20</em></strong></span> <span class='ocrx_word' id='word_1_184' title='bbox 137 2458 193 2522; x_wconf 82' lang='grc' dir='ltr'><strong><em>διὰ</em></strong></span> <span class='ocrx_word' id='word_1_185' title='bbox 216 2467 283 2521; x_wconf 90' lang='grc' dir='ltr'><strong><em>τῶν</em></strong></span> <span class='ocrx_word' id='word_1_186' title='bbox 306 2455 434 2534; x_wconf 84' lang='grc' dir='ltr'><strong><em>ἀξόνων</em></strong></span> <span class='ocrx_word' id='word_1_187' title='bbox 457 2459 602 2543; x_wconf 83' lang='grc' dir='ltr'><strong><em>τρίγωνα</em></strong></span> <span class='ocrx_word' id='word_1_188' title='bbox 626 2463 681 2522; x_wconf 87' lang='grc' dir='ltr'><strong><em>ίσα</em></strong></span> <span class='ocrx_word' id='word_1_189' title='bbox 705 2457 857 2541; x_wconf 83' lang='grc' dir='ltr'><strong><em>ἀλλήλοις</em></strong></span> <span class='ocrx_word' id='word_1_190' title='bbox 882 2458 957 2523; x_wconf 76' lang='grc' dir='ltr'><strong><em>ἐστί.</em></strong></span> 
     </span>
     <span class='ocr_line' id='line_1_22' title="bbox 201 2562 1144 2649; baseline 0.002 -21"><span class='ocrx_word' id='word_1_191' title='bbox 201 2564 530 2649; x_wconf 81' lang='grc' dir='ltr'><strong><em>καταγεγράφθωσαν</em></strong></span> <span class='ocrx_word' id='word_1_192' title='bbox 548 2564 583 2627; x_wconf 88' lang='grc' dir='ltr'><strong><em>οί</em></strong></span> <span class='ocrx_word' id='word_1_193' title='bbox 599 2574 710 2648; x_wconf 81' lang='grc' dir='ltr'><strong><em>κῶνοι,</em></strong></span> <span class='ocrx_word' id='word_1_194' title='bbox 729 2562 784 2628; x_wconf 86' lang='grc' dir='ltr'><strong><em>καλ</em></strong></span> <span class='ocrx_word' id='word_1_195' title='bbox 801 2567 894 2648; x_wconf 79' lang='grc' dir='ltr'><strong><em>ἔστω,</em></strong></span> <span class='ocrx_word' id='word_1_196' title='bbox 914 2567 958 2642; x_wconf 81' lang='grc' dir='ltr'><strong><em>ὡς</em></strong></span> <span class='ocrx_word' id='word_1_197' title='bbox 972 2565 989 2632; x_wconf 94' lang='lat'><em>6</em></span> <span class='ocrx_word' id='word_1_198' title='bbox 1004 2571 1036 2630; x_wconf 82' lang='grc' dir='ltr'><em>Α</em></span> <span class='ocrx_word' id='word_1_199' title='bbox 1041 2569 1080 2630; x_wconf 90' lang='grc' dir='ltr'><em>Η</em></span> <span class='ocrx_word' id='word_1_200' title='bbox 1083 2569 1144 2630; x_wconf 83' lang='grc' dir='ltr'><strong><em>ΓΛ</em></strong></span> 
     </span>
     <span class='ocr_line' id='line_1_23' title="bbox 136 2669 1145 2756; baseline 0.003 -23"><span class='ocrx_word' id='word_1_201' title='bbox 136 2681 241 2746; x_wconf 89' lang='grc' dir='ltr'><strong><em>κῶνος</em></strong></span> <span class='ocrx_word' id='word_1_202' title='bbox 262 2672 345 2756; x_wconf 90' lang='grc' dir='ltr'><strong><em>πρὸς</em></strong></span> <span class='ocrx_word' id='word_1_203' title='bbox 366 2672 426 2735; x_wconf 90' lang='grc' dir='ltr'><strong><em>τὸν</em></strong></span> <span class='ocrx_word' id='word_1_204' title='bbox 449 2674 595 2755; x_wconf 83' lang='grc' dir='ltr'>ΒΘΕΖ,</span> <span class='ocrx_word' id='word_1_205' title='bbox 619 2671 724 2747; x_wconf 79' lang='grc' dir='ltr'><strong><em>οὕτως</em></strong></span> <span class='ocrx_word' id='word_1_206' title='bbox 746 2671 764 2737; x_wconf 94' lang='lat'><em>6</em></span> <span class='ocrx_word' id='word_1_207' title='bbox 784 2677 849 2736; x_wconf 92' lang='grc' dir='ltr'><strong><em>ΒΘ</em></strong></span> <span class='ocrx_word' id='word_1_208' title='bbox 871 2669 959 2749; x_wconf 80' lang='grc' dir='ltr'><strong><em>ἄξων</em></strong></span> <span class='ocrx_word' id='word_1_209' title='bbox 981 2674 1064 2753; x_wconf 91' lang='grc' dir='ltr'><strong><em>πρὸς</em></strong></span> <span class='ocrx_word' id='word_1_210' title='bbox 1086 2673 1145 2736; x_wconf 90' lang='grc' dir='ltr'><strong><em>τὸν</em></strong></span> 
     </span>
     <span class='ocr_line' id='line_1_24' title="bbox 136 2775 1143 2862; baseline 0.004 -23"><span class='ocrx_word' id='word_1_211' title='bbox 136 2779 215 2839; x_wconf 89' lang='grc' dir='ltr'><strong><em>ΑΗ.</em></strong></span> <span class='ocrx_word' id='word_1_212' title='bbox 261 2775 359 2860; x_wconf 71' lang='grc' dir='ltr'><strong><em>λέγω,</em></strong></span> <span class='ocrx_word' id='word_1_213' title='bbox 387 2777 438 2842; x_wconf 85' lang='grc' dir='ltr'><strong><em>ὅτι</em></strong></span> <span class='ocrx_word' id='word_1_214' title='bbox 464 2777 504 2841; x_wconf 79' lang='grc' dir='ltr'><strong><em>τὰ</em></strong></span> <span class='ocrx_word' id='word_1_215' title='bbox 527 2779 640 2859; x_wconf 87' lang='grc' dir='ltr'><em>ΑΓΛ,</em></span> <span class='ocrx_word' id='word_1_216' title='bbox 667 2782 765 2841; x_wconf 91' lang='grc' dir='ltr'><strong><em>ΒΕΖ</em></strong></span> <span class='ocrx_word' id='word_1_217' title='bbox 792 2781 937 2862; x_wconf 77' lang='grc' dir='ltr'><strong><em>τρίγωνα</em></strong></span> <span class='ocrx_word' id='word_1_218' title='bbox 966 2783 1021 2842; x_wconf 85' lang='grc' dir='ltr'><strong><em>ίσα</em></strong></span> <span class='ocrx_word' id='word_1_219' title='bbox 1046 2777 1143 2862; x_wconf 79' lang='grc' dir='ltr'><strong><em>ἀλλή-</em></strong></span> 
     </span>
     <span class='ocr_line' id='line_1_25' title="bbox 136 2881 327 2958; baseline 0 -12"><span class='ocrx_word' id='word_1_220' title='bbox 136 2887 207 2958; x_wconf 93' lang='grc' dir='ltr'><strong><em>λοις</em></strong></span> <span class='ocrx_word' id='word_1_221' title='bbox 230 2881 327 2948; x_wconf 74' lang='grc' dir='ltr'><strong><em>ἔστί.</em></strong></span> 
     </span>
     <span class='ocr_line' id='line_1_26' title="bbox 85 2989 1145 3077; baseline 0.008 -29"><span class='ocrx_word' id='word_1_222' title='bbox 85 3001 118 3049; x_wconf 78' lang='lat'><strong><em>25</em></strong></span> <span class='ocrx_word' id='word_1_223' title='bbox 204 2991 285 3052; x_wconf 82' lang='grc' dir='ltr'><strong><em>ἔστω</em></strong></span> <span class='ocrx_word' id='word_1_224' title='bbox 313 2997 358 3077; x_wconf 75' lang='grc' dir='ltr'><strong><em>τῷ</em></strong></span> <span class='ocrx_word' id='word_1_225' title='bbox 382 2992 521 3054; x_wconf 86' lang='grc' dir='ltr'><em>ΑΗΓΔ</em></span> <span class='ocrx_word' id='word_1_226' title='bbox 548 2990 643 3075; x_wconf 76' lang='grc' dir='ltr'><strong><em>κώνςο</em></strong></span> <span class='ocrx_word' id='word_1_227' title='bbox 669 2990 809 3073; x_wconf 77' lang='grc' dir='ltr'><strong><em>ἰσοϋψὴς</em></strong></span> <span class='ocrx_word' id='word_1_228' title='bbox 832 2989 849 3055; x_wconf 92' lang='grc' dir='ltr'>ὁ</span> <span class='ocrx_word' id='word_1_229' title='bbox 873 2993 1008 3056; x_wconf 90' lang='grc' dir='ltr'>ΚΘΕΖ</span> <span class='ocrx_word' id='word_1_230' title='bbox 1030 3001 1145 3068; x_wconf 85' lang='grc' dir='ltr'><strong><em>κῶνος.</em></strong></span> 
     </span>
     <span class='ocr_line' id='line_1_27' title="bbox 136 3090 1144 3181; baseline 0.002 -21"><span class='ocrx_word' id='word_1_231' title='bbox 136 3092 205 3160; x_wconf 79' lang='grc' dir='ltr'><strong><em>ἐπεὶ</em></strong></span> <span class='ocrx_word' id='word_1_232' title='bbox 242 3090 317 3175; x_wconf 84' lang='grc' dir='ltr'><strong><em>οὖν,</em></strong></span> <span class='ocrx_word' id='word_1_233' title='bbox 355 3095 400 3170; x_wconf 84' lang='grc' dir='ltr'><strong><em>ὡς</em></strong></span> <span class='ocrx_word' id='word_1_234' title='bbox 436 3094 453 3160; x_wconf 94' lang='lat'><em>6</em></span> <span class='ocrx_word' id='word_1_235' title='bbox 486 3097 625 3159; x_wconf 84' lang='grc' dir='ltr'><em>ΑΗΓΔ</em></span> <span class='ocrx_word' id='word_1_236' title='bbox 656 3097 875 3181; x_wconf 88' lang='grc' dir='ltr'><strong><em>κῶνος-πρὸς</em></strong></span> <span class='ocrx_word' id='word_1_237' title='bbox 906 3097 965 3161; x_wconf 88' lang='grc' dir='ltr'><strong><em>τὸν</em></strong></span> <span class='ocrx_word' id='word_1_238' title='bbox 995 3101 1144 3180; x_wconf 83' lang='grc' dir='ltr'>ΒΘΕΖ,</span> 
     </span>
    </p>
   </div>
   <div class='ocr_carea' id='block_1_5' title="bbox 135 3250 1144 3608">
    <p class='ocr_par' dir='ltr' id='par_1_5' title="bbox 135 3250 1144 3591">
     <span class='ocr_line' id='line_1_28' title="bbox 207 3250 1144 3324; baseline 0.003 -19"><span class='ocrx_word' id='word_1_239' title='bbox 207 3258 231 3306; x_wconf 92' lang='grc'><strong><em>1.</em></strong></span> <span class='ocrx_word' id='word_1_240' title='bbox 255 3261 310 3306; x_wconf 88' lang='grc' dir='ltr'><strong><em>τῶν</em></strong></span> <span class='ocrx_word' id='word_1_241' title='bbox 329 3250 451 3322; x_wconf 85' lang='grc' dir='ltr'><strong><em>ἀξόνων]</em></strong></span> <span class='ocrx_word' id='word_1_242' title='bbox 472 3259 521 3306; x_wconf 83' lang='grc' dir='ltr'><strong><em>νοῶ</em></strong></span> <span class='ocrx_word' id='word_1_243' title='bbox 541 3250 642 3316; x_wconf 80' lang='grc' dir='ltr'><strong><em>ἄξονος</em></strong></span> <span class='ocrx_word' id='word_1_244' title='bbox 659 3269 686 3321; x_wconf 90' lang='lat' dir='ltr'><strong><em>p.</em></strong></span> <span class='ocrx_word' id='word_1_245' title='bbox 777 3259 802 3306; x_wconf 80' lang='lat'><strong><em>2.</em></strong></span> <span class='ocrx_word' id='word_1_246' title='bbox 826 3251 952 3320; x_wconf 80' lang='grc' dir='ltr'><strong><em>ἀλλήλοις</em></strong></span> <span class='ocrx_word' id='word_1_247' title='bbox 970 3251 1056 3324; x_wconf 75' lang='grc' dir='ltr'><strong><em>ἐστίν]</em></strong></span> <span class='ocrx_word' id='word_1_248' title='bbox 1075 3253 1144 3308; x_wconf 83' lang='grc' dir='ltr'><strong><em>είσλν</em></strong></span> 
     </span>
     <span class='ocr_line' id='line_1_29' title="bbox 136 3321 1144 3447; baseline 0.002 -71"><span class='ocrx_word' id='word_1_249' title='bbox 136 3321 263 3391; x_wconf 81' lang='grc' dir='ltr'><strong><em>ἀλλήλοις</em></strong></span> <span class='ocrx_word' id='word_1_250' title='bbox 281 3342 307 3392; x_wconf 93' lang='lat' dir='ltr'><strong><em>p.</em></strong></span> <span class='ocrx_word' id='word_1_251' title='bbox 398 3329 423 3378; x_wconf 84' lang='lat'><strong><em>4.</em></strong></span> <span class='ocrx_word' id='word_1_252' title='bbox 442 3321 506 3447; x_wconf 59' lang='grc' dir='ltr'><strong><em>τόιρ]</em></strong></span> <span class='ocrx_word' id='word_1_253' title='bbox 527 3323 589 3392; x_wconf 87' lang='lat' dir='ltr'><strong><em>Vp,</em></strong></span> <span class='ocrx_word' id='word_1_254' title='bbox 616 3321 668 3391; x_wconf 84' lang='grc' dir='ltr'><strong><em>τήν</em></strong></span> <span class='ocrx_word' id='word_1_255' title='bbox 690 3341 716 3377; x_wconf 86' lang='lat' dir='ltr'><strong><em>v.</em></strong></span> <span class='ocrx_word' id='word_1_256' title='bbox 807 3330 831 3378; x_wconf 84' lang='lat'><strong><em>5.</em></strong></span> <span class='ocrx_word' id='word_1_257' title='bbox 855 3323 910 3391; x_wconf 86' lang='grc' dir='ltr'><strong><em>πρὸ</em></strong></span> <span class='ocrx_word' id='word_1_258' title='bbox 930 3322 1007 3396; x_wconf 78' lang='grc' dir='ltr'><strong><em>ἑνός]</em></strong></span> <span class='ocrx_word' id='word_1_259' title='bbox 1032 3323 1144 3394; x_wconf 81' lang='lat' dir='ltr'>scripsi3</span> 
     </span>
     <span class='ocr_line' id='line_1_30' title="bbox 135 3391 1144 3466; baseline 0.003 -19"><span class='ocrx_word' id='word_1_260' title='bbox 135 3391 235 3461; x_wconf 82' lang='grc' dir='ltr'><strong><em>προενί</em></strong></span> <span class='ocrx_word' id='word_1_261' title='bbox 253 3413 279 3463; x_wconf 82' lang='lat' dir='ltr'><strong><em>v,</em></strong></span> <span class='ocrx_word' id='word_1_262' title='bbox 297 3394 352 3462; x_wconf 84' lang='grc' dir='ltr'><strong><em>πρὸ</em></strong></span> <span class='ocrx_word' id='word_1_263' title='bbox 365 3394 466 3448; x_wconf 82' lang='grc' dir='ltr'><strong><em>τούτου</em></strong></span> <span class='ocrx_word' id='word_1_264' title='bbox 510 3412 537 3462; x_wconf 88' lang='lat' dir='ltr'><strong><em>p.</em></strong></span> <span class='ocrx_word' id='word_1_265' title='bbox 594 3398 635 3448; x_wconf 86' lang='lat'><strong><em>10.</em></strong></span> <span class='ocrx_word' id='word_1_266' title='bbox 655 3392 750 3465; x_wconf 77' lang='grc' dir='ltr'><strong><em>λόγον]</em></strong></span> <span class='ocrx_word' id='word_1_267' title='bbox 764 3395 821 3463; x_wconf 85' lang='lat' dir='ltr'><strong><em>Vp,</em></strong></span> <span class='ocrx_word' id='word_1_268' title='bbox 840 3393 924 3465; x_wconf 78' lang='grc' dir='ltr'><strong><em>λόγον</em></strong></span> <span class='ocrx_word' id='word_1_269' title='bbox 940 3394 995 3466; x_wconf 83' lang='grc' dir='ltr'><strong><em>ἔχει</em></strong></span> <span class='ocrx_word' id='word_1_270' title='bbox 1012 3413 1038 3449; x_wconf 88' lang='lat' dir='ltr'><strong><em>v.</em></strong></span> <span class='ocrx_word' id='word_1_271' title='bbox 1095 3400 1144 3450; x_wconf 85' lang='grc' dir='ltr'><strong><em>ΓΔ</em></strong></span> 
     </span>
     <span class='ocr_line' id='line_1_31' title="bbox 137 3463 1143 3591; baseline 0.005 -74"><span class='ocrx_word' id='word_1_272' title='bbox 137 3463 294 3536; x_wconf 75' lang='grc' dir='ltr'><strong><em>διάμετρος]</em></strong></span> <span class='ocrx_word' id='word_1_273' title='bbox 313 3467 376 3535; x_wconf 85' lang='lat' dir='ltr'><strong><em>Vp,</em></strong></span> <span class='ocrx_word' id='word_1_274' title='bbox 395 3466 547 3534; x_wconf 80' lang='grc' dir='ltr'><strong><em>σύμμετρος</em></strong></span> <span class='ocrx_word' id='word_1_275' title='bbox 564 3483 590 3520; x_wconf 87' lang='lat' dir='ltr'><strong><em>v.</em></strong></span> <span class='ocrx_word' id='word_1_276' title='bbox 665 3471 706 3520; x_wconf 89' lang='lat'><strong><em>11.</em></strong></span> <span class='ocrx_word' id='word_1_277' title='bbox 727 3469 779 3520; x_wconf 91' lang='grc' dir='ltr'><strong><em>ΕΖ</em></strong></span> <span class='ocrx_word' id='word_1_278' title='bbox 793 3466 882 3591; x_wconf 66' lang='lat' dir='ltr'><strong><em>(³,th</em></strong></span> <span class='ocrx_word' id='word_1_279' title='bbox 895 3485 926 3535; x_wconf 85' lang='lat' dir='ltr'><strong><em>v,</em></strong></span> <span class='ocrx_word' id='word_1_280' title='bbox 943 3466 996 3536; x_wconf 82' lang='grc' dir='ltr'><strong><em>τὴν</em></strong></span> <span class='ocrx_word' id='word_1_281' title='bbox 1015 3469 1068 3519; x_wconf 90' lang='grc' dir='ltr'><strong><em>ΕΖ</em></strong></span> <span class='ocrx_word' id='word_1_282' title='bbox 1086 3467 1143 3536; x_wconf 91' lang='lat' dir='ltr'><strong><em>Vp.</em></strong></span> 
     </span>
    </p>

    <p class='ocr_par' dir='ltr' id='par_1_6' title="bbox 173 3533 1144 3608">
     <span class='ocr_line' id='line_1_32' title="bbox 173 3533 1144 3608; baseline 0.004 -20"><span class='ocrx_word' id='word_1_283' title='bbox 173 3541 214 3590; x_wconf 76' lang='lat'><strong><em>12.</em></strong></span> <span class='ocrx_word' id='word_1_284' title='bbox 235 3538 310 3608; x_wconf 88' lang='lat' dir='ltr'><strong><em>HK]</em></strong></span> <span class='ocrx_word' id='word_1_285' title='bbox 328 3537 380 3606; x_wconf 84' lang='grc' dir='ltr'><strong><em>τὴν</em></strong></span> <span class='ocrx_word' id='word_1_286' title='bbox 400 3541 460 3590; x_wconf 88' lang='lat' dir='ltr'><strong><em>HK</em></strong></span> <span class='ocrx_word' id='word_1_287' title='bbox 476 3553 502 3605; x_wconf 89' lang='lat' dir='ltr'><strong><em>p.</em></strong></span> <span class='ocrx_word' id='word_1_288' title='bbox 586 3533 699 3607; x_wconf 78' lang='grc' dir='ltr'><strong><em>ἐπειδή]</em></strong></span> <span class='ocrx_word' id='word_1_289' title='bbox 719 3554 748 3606; x_wconf 85' lang='lat' dir='ltr'><strong><em>v,</em></strong></span> <span class='ocrx_word' id='word_1_290' title='bbox 777 3533 838 3590; x_wconf 76' lang='grc' dir='ltr'><strong><em>ἐπεί</em></strong></span> <span class='ocrx_word' id='word_1_291' title='bbox 886 3555 913 3606; x_wconf 91' lang='lat' dir='ltr'><strong><em>p.</em></strong></span> <span class='ocrx_word' id='word_1_292' title='bbox 1005 3542 1046 3591; x_wconf 88' lang='lat'><strong><em>13.</em></strong></span> <span class='ocrx_word' id='word_1_293' title='bbox 1066 3537 1144 3592; x_wconf 80' lang='grc' dir='ltr'><strong><em>ἀντι-</em></strong></span> 
     </span>
    </p>
   </div>
   <div class='ocr_carea' id='block_1_6' title="bbox 0 0 1306 3880">
    <p class='ocr_par' dir='ltr' id='par_1_7' title="bbox 0 0 1306 3880">
     <span class='ocr_line' id='line_1_33' title="bbox 0 0 1306 3880; baseline 0 1"><span class='ocrx_word' id='word_1_294' title='bbox 0 0 1306 3880; x_wconf 95' lang='lat' dir='ltr'><strong><em> </em></strong></span> 
     </span>
    </p>
   </div>
  </div>
 </body>
</html>
