2604 3880
425 199 475 248 ua
494 197 670 248 sacuous
689 197 783 248 coru.
1043 193 1106 256 921

97 341 138 406 ad
157 340 312 405 circulum
328 339 585 424 perpendiculari
603 343 709 403 reciae
726 341 786 402 ΓΒ
800 339 955 423 parallela
974 340 1109 404 ducaiur

96 452 167 513 ΑΕ
191 451 224 511 ei
250 450 357 511 reciae
381 450 452 509 ΑΒ·
470 445 626 530 parallela
648 449 725 528 EZ,
748 444 948 528 duceturque
974 449 1051 528 ZA,
1075 445 1111 508 in

96 554 217 620 circulo
246 558 355 618 autem
383 554 423 617 ad
453 555 518 617 ΓΛ
545 550 824 636 perpendiculares
854 551 1014 615 ducantur
1037 556 1111 636 ΒΘ,

98 665 179 746 ΖΗ,
207 665 240 724 ct
268 661 404 724 ducatur
432 663 509 724 ΒΗ.
561 659 714 742 quoniam
742 661 886 732 [ΑΒΔ
913 679 980 722 non
1004 659 1111 723 minor

95 773 146 832 cst
164 768 297 833 dimidio
317 773 416 853 rectu,
431 767 530 832 etiam
549 770 687 842 [ΒΑΕ
698 786 764 828 non
783 764 890 828 minor
909 768 959 828 est
977 765 1110 830 dimidio

752 869 857 954 [Eucl.
874 869 900 956 Ι,
919 869 990 954 29],
1014 892 1111 953 quare

753 981 892 1052 [ΕΒΑ
919 977 988 1042 siue
1016 983 1112 1044 ΖΕΒ

753 1083 861 1166 [Eucl.
892 1083 921 1170 Ι,
953 1084 1010 1168 29]
1047 1107 1113 1149 non

752 1189 856 1254 maior
892 1195 943 1255 est
980 1191 1113 1256 dimidio

754 1296 859 1380 [Eucl.
874 1297 899 1379 I,
914 1297 986 1383 32];
1003 1298 1113 1381 itaque

755 1408 887 1479 [ΖΕΒ
915 1426 982 1469 non
1011 1404 1115 1469 maior

754 1516 804 1576 esi
846 1512 966 1597 angulo
1003 1516 1069 1576 EA
1077 1516 1114 1576 Β.

755 1619 908 1702 quoniam
930 1619 1033 1705 igilur
1052 1620 1114 1684 duo

790 1726 947 1812 trianguli
972 1730 1084 1808 ZEB,

757 1836 855 1896 ΖΑΒ
872 1833 906 1896 in
920 1833 1031 1897 eadem
1044 1833 1116 1897 basi

756 1939 935 2004 constructi
962 1944 1051 2025 sunt,
1083 1943 1116 2004 et

99 2046 190 2106 recta
222 2041 263 2105 ab
292 2047 324 2105 A
355 2042 396 2105 ad
426 2045 490 2106 ΓΛ
520 2044 795 2129 perpendicularis
828 2046 936 2131 ducta,
968 2051 1005 2110 ui
1037 2050 1115 2130 ΑΚ,

100 2170 169 2212 non
198 2147 304 2212 minor
336 2153 386 2212 esi
416 2171 514 2234 quam
544 2155 622 2235 ΕΒ,
654 2153 792 2238 angulus
823 2159 932 2218 aulem
959 2153 1116 2239 trianguli

101 2254 284 2340 rectanguli
318 2260 413 2321 ΖΕΒ
444 2279 512 2321 non
543 2259 647 2324 mai01
680 2265 729 2324 est
761 2260 881 2346 angulo
909 2264 1027 2345 ΕΑΒ,
1054 2261 1117 2324 erit

104 2366 188 2426 ZE:
203 2365 266 2426 ΕΒ
287 2373 320 2434 <
340 2367 405 2428 ΖΑ
423 2387 430 2427 :
450 2368 515 2428 AB
547 2370 681 2452 propter
711 2389 802 2450 prop.
830 2363 1012 2430 XXXVIII.
1067 2370 1117 2429 est

103 2473 214 2532 autem
253 2473 321 2532 ΖΕ
342 2493 349 2532 :
372 2474 434 2534 ΕΒ
459 2501 501 2523 =
525 2475 625 2535 BH:
651 2475 779 2534 ZHae
800 2474 865 2535 ΒΘ
883 2493 890 2533 :
911 2474 983 2534 ZH
1011 2470 1116 2554 [Eucl.

103 2573 166 2660 VI,
191 2578 224 2654 7,
252 2575 314 2660 VI,
338 2575 388 2659 4];
429 2599 505 2640 nam
542 2578 641 2641 etiam
673 2582 737 2641 ΕΖ
767 2577 858 2641 radio
891 2576 1034 2659 aequalis
1067 2582 1117 2640 est

105 2680 212 2766 [Επεὶ
230 2680 256 2766 Ι,
274 2682 345 2769 34],
369 2704 467 2767 quare
491 2683 590 2747 eiiam
614 2687 700 2748 ΒΘε
717 2687 789 2748 ΖΗ
800 2695 832 2754 <
849 2687 913 2747 ΖΑ
928 2706 934 2745 :
950 2687 1024 2747 ΑΒ.
1058 2683 1118 2747 ita-

106 2811 168 2872 que
188 2788 291 2874 [prop.
311 2787 340 2874 l]
360 2793 426 2854 AB
442 2807 484 2858 ><
499 2793 564 2854 ΒΘ
579 2801 613 2863 <
626 2795 692 2854 ΑΖ
706 2806 749 2858 ><
766 2794 846 2876 ΖΗ,
868 2789 930 2854 hoc
952 2794 1003 2854 est
1020 2790 1118 2854 trian-

106 2895 203 2982 gulus
231 2897 451 2980 aequicrurius
479 2919 536 2981 per
564 2919 656 2962 axem
684 2898 800 2962 ductus
825 2896 930 2961 minor
953 2896 1117 2982 triangulo

106 3001 308 3087 aequicrurio
335 3027 393 3088 per
420 3009 452 3067 A
459 3008 486 3068 Z
514 3004 625 3084 duct03
654 3004 765 3089 Itaque
798 3003 981 3090 triangulus
1012 3005 1119 3088 aequi-

107 3108 232 3173 crurius
259 3131 318 3193 per
345 3133 437 3174 axem
467 3111 583 3176 ductus
614 3110 774 3175 maximus
801 3133 868 3175 non
895 3115 944 3175 esi
973 3111 1118 3175 omnium

107 3215 396 3302 aequicruriorum‚
424 3217 473 3281 uli
497 3217 649 3304 diximus,
675 3222 944 3284 constructorum.
990 3218 1119 3281 demon·

108 3344 291 3351 ---—-—-—-
462 3345 503 3350 -.
794 3345 936 3351 .-.-...-
952 3343 1118 3351 .-—-—

144 3416 185 3464 17.
209 3409 279 3480 ZH]
304 3409 355 3478 τὴν
377 3413 434 3462 ΖΗ
447 3427 476 3536 p.
560 3415 601 3464 18.
624 3407 707 3480 ἥπερ]
726 3409 770 3463 bis
789 3409 822 3464 V.
904 3413 953 3463 ΑΒ
968 3409 1047 3480 (pr.)]
1066 3409 1117 3479 τὴν

461 3503 474 3544 G

107 3484 157 3534 AB
175 3499 202 3550 p.
276 3485 317 3536 20.
339 3480 445 3535 lucensi
474 3483 485 3553 ]
525 3478 688 3550 ,ἰσοσκελές
703 3480 758 3535 ἐστι
776 3481 829 3550 Vc,
850 3477 987 3543 ἰσοσκελὲς
1007 3479 1118 3536 ἔλαττόν

109 3551 165 3606 ἐστι
183 3551 298 3621 Halley3
317 3551 382 3608 fort.
402 3499 539 3615 iuvenalis
559 3551 678 3607 ἔλαττον,
752 3549 811 3623 διά]
832 3569 878 3622 cp,
898 3551 946 3606 διὰ
965 3560 1014 3608 τοῦ
1033 3552 1066 3607 V.
