2594 3878
172 215 234 280 102
439 217 527 268 ΠΕΡΙ
544 213 758 267 Κυλιυεεου
777 215 914 268 τουειε.

168 360 270 425 πάλιν
302 355 354 422 ἐπὶ
386 358 512 444 θάτερα
541 355 622 444 μέρη
655 359 693 422 αλ
722 356 805 443 διφαὶ
837 358 918 421 κατὰ
948 358 985 421 τὸ
1013 361 1042 420 Ρ
1064 353 1120 420 καὶ
1151 362 1187 421 Σ

169 469 319 548 γίνονται
351 467 410 528 καί
437 466 522 530 εἰσιν
550 463 602 529 ἐπὶ
631 473 708 548 μιᾶς
737 464 871 540 εὐθείας
899 465 1111 548 παραλλήλου
1142 472 1182 548 τῇ

170 577 245 636 ΕΔ.
282 580 383 636 πᾶσαι
407 571 472 657 άρα
490 572 527 636 αλ
544 570 766 655 ἐφαπτόμεναι
783 568 863 635 καθ’
885 567 958 647 ἑνὸς
976 574 1183 655 παραλληλο-

170 678 321 764 γράμμου
351 682 504 764 πλευρῶν
533 678 592 754 τὰς
624 677 712 762 ἁφὰς
743 685 931 741 ποιοῦνται·
964 675 982 740 δ
1012 674 1183 760 προέκειτο

135 783 281 862 ὀδεῐξαι.

657 906 698 972 λ’.

240 1036 368 1100 Τούτου
409 1029 600 1116 δειχθέντος
640 1035 722 1096 ἐστο
761 1035 1103 1118 παραλληλόγραμμον
1144 1034 1182 1097 τὸ

168 1143 324 1223 ΑΒΓΔ,
351 1137 406 1204 καὶ
433 1141 522 1223 παρὰ
545 1141 606 1223 τήν
628 1143 695 1203 ΑΒ
718 1139 822 1203 αὐτοῦ
844 1139 944 1222 βάσιν
965 1140 1187 1227 ήχθωσαναλ

169 1251 242 1329 ΕΖ,
266 1251 346 1330 ΗΘ,
369 1244 424 1310 καὶ
448 1248 598 1330 εἰλήφθω
623 1269 654 1310 τι
677 1257 813 1329 σημεῖον
836 1247 873 1311 τὸ
892 1249 927 1309 Κ
946 1247 990 1330 μή
1014 1245 1054 1310 δν
1077 1245 1113 1310 ἐν
1136 1246 1183 1333 τῷ

117 1366 150 1414 10
169 1361 229 1417 τοῦ
251 1353 595 1438 παραλληλογράμμου
619 1351 777 1439 ἐπιπέδῳ,
805 1350 859 1417 καὶ
885 1352 1124 1436 ἐπιζευχθεῖσαι
1148 1355 1186 1417 αλ

169 1463 245 1541 ΚΕ,
268 1461 344 1541 ΚΖ,
368 1462 448 1542 ΚΗ,
473 1463 540 1523 ΚΘ
563 1458 774 1542 ἐμβληθεῖσαι
797 1458 1090 1545 προσπιπτέτωσαν
1114 1457 1183 1523 ἐπι-

168 1562 257 1651 πέδῳ
280 1562 347 1628 τινὶ
370 1568 568 1652 παραλλήλῳ
593 1567 664 1630 ὄντι
687 1575 732 1653 τῳ
757 1569 895 1630 ΑΒΓΔ
913 1567 994 1631 κατὰ
1013 1565 1053 1630 τά
1072 1569 1113 1648 A,
1132 1570 1182 1648 M,

168 1675 216 1754 Ν,
241 1670 271 1744 Ξ
294 1683 420 1755 σημεῖα.
465 1673 502 1736 τὸ
530 1673 571 1754 δή
599 1673 656 1735 διὰ
682 1684 749 1736 τῶν
772 1675 854 1755 ΚΛ,
879 1677 941 1736 ΕΖ
964 1672 1107 1736 εὐθειῶν
1130 1670 1183 1736 έκ-

168 1779 373 1862 βαλλόμενον
400 1777 557 1843 ἐπίπεδον
584 1790 674 1862 τεμεῖ
699 1777 754 1842 καλ
781 1780 819 1843 τὸ
847 1783 966 1843 ΛΜΝ
968 1779 998 1852 Ξ
1026 1777 1182 1842 ἐπίπεδον

117 1896 149 1945 15
168 1883 223 1949 καὶ
250 1887 380 1967 ποιήσει
408 1883 445 1949 ἐν
472 1885 561 1971 αὐτῷ
588 1887 706 1969 κοινήν
734 1886 838 1969 τομήν
863 1886 923 1968 τήν
947 1889 1028 1949 AM
1045 1885 1183 1949 εὐθεῖαν

168 1991 381 2077 παράλληλον
404 1988 509 2057 οὖσαν
532 2001 571 2076 τῇ
593 1997 670 2056 ΕΖ·
694 1991 815 2076 ὁμοίως
838 1987 874 2056 δέ
896 1989 951 2055 καλ
974 1993 1011 2056 τὸ
1035 1991 1091 2055 διὰ
1114 2002 1183 2055 τῶν

168 2101 253 2178 ΚΝ,
277 2102 349 2162 ΗΘ
376 2098 519 2163 εὐθειῶν
546 2098 703 2162 ἐπίπεδον
730 2100 859 2181 ποιήσει
881 2098 1092 2184 παράλληλον
1120 2099 1183 2181 τήν

168 2207 208 2267 Ν
210 2202 240 2276 Ξ
264 2214 303 2289 τῇ
327 2209 406 2277 ΗΘ.
457 2202 526 2269 ἐπεὶ
554 2200 616 2270 οὖν
643 2206 679 2269 τὸ
704 2209 816 2270 ΛΚΝ
838 2208 1004 2290 τρίγωνον
1030 2202 1182 2287 τέμνεται

167 2309 232 2375 ὑπὸ
252 2313 472 2397 παραλλήλων
487 2309 651 2376 ἐπιπέδων
665 2323 731 2376 τῶν
746 2315 880 2394 ΑΒΓΔ,
896 2315 969 2375 AN
972 2311 1052 2394 ΞΜ,
1067 2312 1105 2374 αλ
1116 2313 1182 2395 ἄρα

115 2430 148 2480 20
166 2416 276 2482 κοιναὶ
300 2418 410 2483 αὐτῶν
431 2416 529 2502 τομαὶ
552 2417 760 2503 παράλληλοί
779 2421 865 2482 εἰσιν
887 2417 1059 2500 ἀλλήλαις,
1085 2440 1181 2482 τουτ-
1241 2464 1244 2469 ·

166 2523 257 2590 έστιν
283 2524 303 2608 ἡ
332 2529 403 2590 NA
425 2533 465 2610 τῇ
488 2529 570 2589 ΗΕ·
604 2525 660 2588 διδι
682 2525 722 2589 τδι
746 2525 829 2589 αὐτοὶ
857 2521 894 2589 δέ
920 2522 976 2589 καὶ
1002 2523 1023 2606 ή
1047 2523 1124 2597 ΞΜ
1141 2535 1182 2610 τῇ

169 2636 230 2696 ΘΖ
253 2632 470 2719 παράλληλος.
512 2631 556 2709 ὡς
579 2633 643 2718 άρα
666 2631 686 2714 ή
706 2635 774 2696 ΕΚ
788 2633 872 2717 πρὸς
894 2632 956 2714 τήν
974 2635 1051 2713 ΚΛ,
1075 2631 1183 2708 οὕτως

166 2739 186 2822 ή
209 2742 284 2802 ΗΚ
308 2741 391 2825 πρὸς
413 2739 473 2822 τήν
496 2743 576 2804 ΚΝ.
618 2736 690 2803 ἀλλ’
717 2739 762 2814 ὡς
788 2735 849 2823 μέν
876 2737 896 2821 ή
919 2741 995 2801 ΗΚ
1014 2739 1097 2824 πρὸς
1119 2739 1183 2821 τήν

167 2847 251 2926 ΚΝ,
276 2845 381 2920 οὕτως
403 2844 423 2927 ή
447 2849 519 2909 ΗΘ
540 2847 623 2931 πρὸς
646 2846 706 2928 τήν
729 2844 810 2929 ΝΞ,
839 2844 884 2920 ὡς
907 2841 944 2908 δέ
967 2844 987 2927 ή
1010 2847 1079 2908 ΕΚ
1098 2845 1184 2930 πρὸς

114 2963 148 3010 25
168 2953 246 3032 KA,
270 2949 375 3026 οὕτως
397 2948 417 3032 ή
441 2955 505 3014 ΕΖ
527 2952 610 3037 πρὸς
633 2955 720 3016 AM·
744 2949 799 3015 καὶ
821 2951 866 3026 ὡς
889 2952 954 3037 ἄρα
978 2949 1080 3033 ήΕΖ
1098 2953 1185 3036 πρὸς

167 3057 229 3139 τήν
253 3060 341 3140 ΛΜ,
370 3056 477 3133 οὕτως
498 3055 518 3139 ή
542 3061 614 3122 ΗΘ
636 3059 719 3144 πρὸς
741 3059 802 3141 τήν
825 3057 899 3130 ΝΞ.
945 3055 1001 3122 καὶ
1029 3057 1184 3136 ἐναλλάξ·

238 3291 262 3338 4.
282 3281 297 3338 δ
316 3281 461 3352 προέκειτο
481 3284 582 3355 δεῖξαι]
603 3301 655 3338 om.
675 3303 702 3354 p.
781 3291 804 3338 6.
824 3285 865 3357 λ’]
886 3301 938 3338 om.
958 3284 991 3338 V.
1066 3289 1089 3339 7.
1109 3305 1185 3354 παρ-

167 3355 408 3428 αλληλόγραμμον]
427 3372 501 3425 vep,
530 3374 577 3410 -ov
596 3372 676 3410 euan.
695 3356 730 3410 V.
819 3361 844 3410 8.
871 3357 957 3410 αὐτοῦ
977 3353 1072 3427 βάσιν]
1096 3355 1185 3426 βάσιν

166 3429 254 3482 αὐτοῦ
272 3446 299 3497 p.
374 3433 414 3481 10.
434 3428 496 3498 τοῦ]
516 3443 569 3480 om.
588 3444 611 3482 ο.
692 3433 733 3481 12.
753 3427 929 3498 παραλλήλω]
949 3443 1023 3496 τερ,
1047 3447 1091 3494 -ρ-
1110 3445 1184 3484 corr.

167 3515 201 3551 ex
218 3502 233 3552 λ
251 3518 287 3553 m.
304 3505 317 3552 1
332 3499 366 3554 V.
422 3503 463 3551 13.
483 3500 593 3569 σημεῖα]
612 3497 643 3551 in
660 3499 714 3552 hoc
732 3498 871 3552 uocabulo
889 3482 945 3552 άεε.
960 3516 986 3566 p.
1044 3503 1084 3552 14.
1104 3511 1188 3568 τεμεῖ

166 3600 200 3608 -
221 3569 367 3641 ἐπίπεδον]
388 3586 440 3622 om.
461 3586 483 3622 ο.
556 3571 700 3641 ΛΜΝΞ]
719 3569 783 3623 fort.
803 3571 937 3629 ΛΜΞΝ.
