2594 3878
414 230 463 280 nn
483 229 658 282 sscmoun
677 231 855 284 omnum.
949 241 950 245 ¹
1096 228 1138 292 89

8 363 10 450 l
131 371 180 436 ita
211 372 405 456 quadratum
437 373 586 438 diametri
616 373 739 458 ellipsis
767 378 847 438 AM
874 374 914 439 ad
946 374 1140 458 quadratum

133 478 282 543 diametri
297 501 370 544 eum
384 501 422 544 ea
436 480 638 566 coniugatae
656 484 693 544 ut
707 485 816 545 autem
830 479 910 545 ΑΘ
920 504 927 544 :
938 485 967 545 Β
975 485 1003 545 Θ
1012 496 1055 550 ><
1068 484 1140 565 ΘΓ,

7 609 9 630 ⁶
132 583 180 648 ita
212 586 405 668 quadratum
436 585 585 652 diametri
617 586 740 671 ellipsis
773 591 848 652 AN
876 588 916 651 ad
948 589 1141 671 quadratum

133 691 283 757 diametri
297 715 371 758 eum
385 715 424 758 ea
437 693 628 779 coniugatae
640 691 804 778 [Apellen.
815 694 841 778 I,
853 695 908 773 13;
922 715 1012 778 prop.
1022 693 1141 780 XVII]‚

7 881 8 894 χ
133 799 195 864 erit
231 799 343 883 etiam,
379 804 417 864 ut
450 804 531 864 AM
561 800 736 865 diametrus
770 801 810 865 ad
843 801 1036 866 diametrum
1068 824 1142 867 con·

131 906 288 991 iugatum,
304 906 353 970 ita
368 910 441 971 NA
460 907 635 972 diametrus
655 907 695 970 ad
714 907 907 972 diametrum
925 907 1140 994 coniugatam.

6 1013 8 1032 '
132 1033 211 1098 ergo
223 1016 313 1097 AM,
322 1016 397 1078 AN
407 1013 556 1078 diametri
571 1017 648 1078 sunt
660 1012 822 1098 ellipsium
836 1013 992 1078 similium
1005 1013 1081 1098 [def.
1092 1015 1142 1098 8];

6 1117 7 1172 l
133 1120 220 1202 quod
242 1125 311 1184 erat
333 1120 627 1184 demonstrandum.
1262 1116 1264 1124 ’

201 1231 234 1290 et
265 1226 378 1312 etiam,
415 1226 443 1291 si
475 1227 555 1290 alias
587 1230 692 1290 rectas
728 1230 835 1291 rectae
869 1229 941 1290 ZH
971 1226 1142 1310 parallelas
1253 1214 1256 1220 ¹

133 1332 327 1418 duxerimus,
350 1333 441 1398 uelut
460 1333 536 1417 ΞΟ,
560 1338 593 1398 et
616 1333 657 1397 ab
677 1330 714 1416 Ξ,
735 1337 763 1397 0
786 1333 825 1396 ad
849 1338 882 1396 A
905 1333 1018 1398 ductas
1036 1337 1141 1398 rectas

5 1433 6 1436 '
133 1440 175 1504 ad
218 1443 283 1504 ΒΘ
326 1440 572 1525 produxerimus
616 1439 846 1524 productisque
891 1439 1063 1524 parallelas
1108 1439 1142 1503 in

132 1545 298 1632 triangulo
326 1547 525 1632 duxerimus,
552 1567 664 1611 rursus
694 1545 775 1610 aliae
800 1547 881 1610 duae
904 1546 1034 1631 ellipses
1057 1546 1143 1610 inter

134 1676 169 1718 se
202 1653 323 1718 similes
356 1657 598 1737 construentur,
629 1657 662 1717 et
694 1653 756 1717 hoe
783 1652 819 1716 in
845 1652 1025 1733 infinitum;
1058 1653 1144 1738 quod

133 1763 204 1824 erat
227 1759 520 1824 demonstrandum.

563 1949 713 2017 XXVIII.

199 2078 287 2144 Fieri
313 2082 437 2164 potest,
464 2082 501 2142 ut
524 2078 619 2142 datus
643 2076 806 2161 cylindrus
830 2099 971 2142 eonusue
996 2077 1142 2143 scalenus

3 2153 5 2250 i
131 2186 318 2272 apartibus
337 2185 495 2271 oppositis
514 2185 549 2249 in
564 2184 729 2249 infinitum
744 2184 869 2249 duobus
888 2185 994 2268 planis
1010 2190 1143 2270 secetur,

3 2289 5 2324 ³
131 2298 166 2358 et
194 2292 323 2378 ellipses
354 2291 476 2358 similes
504 2291 695 2357 efficiantur.

697 2397 838 2481 primum
866 2397 910 2460 sit
937 2397 972 2460 in
999 2396 1143 2480 cylindro

637 2502 932 2587 demonstrandum,
940 2506 1143 2585 ponaturque

636 2610 748 2674 eadem
779 2609 898 2694 figure,
930 2629 1012 2690 quae
1040 2611 1145 2692 antea,

636 2719 669 2780 et
702 2715 745 2779 sit
771 2717 1001 2792 AH==AA3
1032 2713 1144 2798 itaque

637 2824 701 2886 ΓΑ
725 2849 767 2874 =
790 2823 863 2884 ΗΓ
898 2818 1008 2904 [Euel.
1038 2818 1068 2905 I,
1095 2819 1145 2904 4].

636 2926 788 3010 quoniam
810 2927 913 3013 igitur
935 2931 1023 2992 recta
1048 2927 1089 2992 ab
1112 2933 1145 2991 A

637 3035 678 3098 ad
715 3037 775 3100 ΓΒ
817 3034 915 3098 dueta
953 3034 1056 3099 maior
1096 3039 1146 3098 est

636 3145 772 3226 utraque
795 3146 828 3204 A
834 3143 871 3224 Γ,
891 3143 962 3204 ΓΗ
982 3141 1146 3205 omnibus-

637 3269 708 3332 que,
731 3268 812 3330 quae
832 3270 851 3311 a
871 3249 903 3310 Γ
919 3247 1006 3311 inter
1023 3250 1145 3330 puncta

583 3415 586 3420 .
638 3357 687 3436 H,
710 3358 743 3416 A
775 3353 907 3437 eadunt,
939 3353 1086 3436 adparet,
1118 3351 1146 3415 si

134 3485 155 3526 a
187 3460 336 3547 partibus
370 3460 528 3545 oppositis
562 3460 640 3523 duas
673 3464 779 3524 rectas
813 3460 899 3522 inter
931 3479 965 3522 se
998 3459 1146 3542 aequales

135 3567 330 3651 duxerimus,
353 3571 474 3632 rectam
498 3590 517 3631 a
537 3569 569 3630 Γ
586 3566 716 3631 ductam
735 3569 826 3630 extra
844 3567 883 3628 H
902 3585 1049 3629 casuram
1068 3587 1146 3630 esse.
