2574 3882
426 236 476 286 DE
495 235 672 287 SECTIONE
691 237 869 288 OYLINDRI.
1111 234 1152 297 37

144 401 225 464 quae
243 379 278 442 in
296 380 394 464 plano
411 383 475 443 ΓΛ
492 379 602 463 posita
620 383 678 442 est.
716 401 793 464 ergo
809 384 871 443 ΕΖ
887 379 975 444 intra
988 381 1156 466 parallelo-

144 507 328 571 grammum
352 489 417 551 ΓΛ
441 486 536 550 cadit.
990 472 993 476 ¹
1242 469 1245 474 ¹

210 592 419 657 manifestum
450 598 560 658 autem
592 593 705 679 etiam,
737 594 765 658 si
798 594 838 658 ad
864 594 1000 658 alteram
1027 598 1155 678 partem

142 701 341 784 producatur
366 701 406 763 ad
429 705 482 784 M,
510 700 597 785 quod
619 700 655 763 in
678 701 846 786 superficie
871 701 1007 785 cylindri
1030 705 1093 786 est,
1120 700 1156 764 in

144 807 224 872 duas
247 811 356 890 partes
380 807 529 889 aequales
550 829 621 871 eam
641 811 761 872 sectam
780 813 850 872 esse
869 807 904 871 in
924 812 960 872 Z.
1002 807 1156 892 quoniam

144 914 231 978 enim
263 913 438 977 diametrus
468 916 532 977 ΓΑ
564 913 604 977 ἃᾶ
636 918 759 978 rectam
789 917 857 978 ΘΚ
881 913 1154 997 perpendicularis

144 1025 204 1104 est,
226 1019 288 1084 erit
309 1023 376 1083 ΘΚ
389 1051 429 1072 =
445 1023 520 1084 ΚΝ
536 1020 641 1100 [Eucl.
659 1018 717 1104 IH,
735 1019 778 1103 3].
816 1025 849 1084 et
876 1023 964 1102 MN,
984 1023 1066 1104 ΛΚ,
1085 1023 1124 1083 H
1127 1023 1156 1082 Θ

143 1125 316 1211 parallelae
341 1130 431 1212 sunt,
454 1147 532 1211 ergo
556 1129 630 1190 ΜΖ
645 1155 687 1178 =
704 1129 775 1190 ΖΕ.

533 1389 535 1393 .
614 1319 688 1388 ΧΠ.

210 1445 248 1510 si
285 1445 449 1530 cylindrus
485 1445 583 1530 plano
621 1449 748 1510 secatur
779 1444 913 1530 planum
945 1445 1033 1510 basis
1065 1449 1157 1509 extra

144 1551 302 1616 circulum
325 1553 459 1638 secanti,
479 1552 529 1616 ita
551 1556 588 1616 ut
607 1551 787 1616 communis
807 1551 909 1616 sectio
927 1551 1098 1636 planorum
1117 1551 1157 1615 ad

143 1657 250 1723 basim
272 1658 568 1744 parallelogrammi
586 1680 644 1742 per
662 1680 755 1723 axem
772 1657 873 1741 positi
891 1658 945 1723 uel
964 1659 1004 1722 ad
1022 1659 1157 1724 eandem

143 1765 336 1849 productam
358 1765 634 1848 perpendicularis
657 1765 710 1850 sit,
733 1769 849 1849 rectae,
873 1786 955 1848 quae
975 1787 995 1828 a
1014 1765 1156 1830 sectione

144 1870 181 1934 in
204 1871 374 1955 superficie
398 1869 535 1954 cylindri
558 1871 698 1955 aplane
721 1871 845 1936 secanti
864 1871 978 1937 effecta
996 1871 1157 1936 ducuntur

144 1977 319 2061 parallelae
342 1981 450 2043 rectae
474 1977 515 2041 ἃᾶ
536 1976 643 2042 basim
665 1977 961 2064 parallelogrammi
984 2000 1042 2062 per
1065 1999 1158 2042 axem

143 2083 245 2166 positi
258 2084 516 2169 perpendiculari
530 2084 583 2150 uel
598 2083 702 2149 eidem
715 2085 890 2168 productae
904 2085 940 2148 in
954 2106 1159 2150 communem

146 2191 324 2256 sectionem
360 2191 532 2277 planorum
570 2191 685 2256 cadent
721 2196 754 2256 et
792 2193 832 2256 ad
864 2192 999 2256 alteram
1031 2195 1158 2276 partem

145 2297 300 2362 sectionis
319 2299 496 2383 productae
512 2299 548 2362 in
561 2299 654 2362 binas
673 2303 782 2382 partes
797 2299 946 2382 aequales
961 2319 980 2360 a
995 2297 1159 2362 communi

146 2405 289 2470 sectione
326 2406 498 2491 planorum
535 2405 744 2488 secabuntur,
780 2409 813 2469 et
848 2409 938 2470 recta
975 2405 1015 2468 ad
1051 2403 1158 2467 basim

142 2510 441 2597 parallelogrammi
463 2533 522 2595 per
545 2533 638 2575 axem
661 2510 762 2595 positi
784 2511 837 2574 uel
861 2511 901 2574 ad
924 2511 1058 2574 eandem
1080 2531 1156 2593 pro-

65 2669 67 2672 .
145 2617 276 2681 ductam
289 2617 574 2702 perpendicularis,
588 2617 616 2681 si
631 2616 795 2700 cylindrus
809 2621 917 2680 rectus
932 2620 992 2700 est,
1006 2615 1156 2679 etiamad

109 2701 117 2722 ⁶
144 2744 349 2788 communem
367 2723 544 2788 sectionem
562 2722 858 2806 parallelogrammi
875 2744 934 2806 per
948 2743 1041 2786 axem
1054 2720 1156 2805 positi

144 2828 299 2914 planique
333 2829 473 2895 secantis
505 2828 779 2913 perpendicularis
812 2828 888 2915 erit,
919 2829 971 2893 sin
999 2828 1160 2913 obliquus,

141 2957 210 3000 non
245 2936 312 3001 iam
347 2935 637 3022 perpendicularis,
672 2934 736 2998 nisi
774 2936 901 3018 quando
933 2935 1068 3021 planum
1099 2957 1158 3020 per

144 3065 239 3108 axem
266 3043 411 3128 positum
440 3043 480 3106 ad
507 3043 613 3108 basim
641 3041 778 3125 cylindri
804 3043 1069 3128 perpendiculare
1097 3047 1157 3106 est.

212 3149 256 3214 sit
297 3150 474 3235 cylindrus,
516 3149 607 3214 cuius
648 3149 743 3213 bases
781 3149 847 3214 sint
883 3150 996 3216 circuli
1032 3155 1078 3232 A,
1116 3153 1155 3232 B,

142 3256 486 3342 parallelogrammum
514 3261 623 3320 autem
645 3277 703 3340 per
727 3278 819 3320 axem
842 3257 986 3340 positum
1011 3256 1054 3320 sit
1040 3259 1157 3338 tFA,

145 3446 439 3518 rotmaruhnrasp
514 3433 832 3539 16.uul]p,..och
911 3455 989 3502 21.κ
990 3445 1156 3537 ullomp

179 3519 224 3591 τῇ]
244 3535 340 3574 om..c
401 3525 443 3573 22.
458 3537 503 3573 πα
484 3540 540 3586 ααρ
522 3522 676 3589 ααλληλογρ
658 3518 822 3592 άυαμμο]π
804 3541 858 3589 scarp
840 3521 986 3592 Mllospp
1045 3517 1158 3589 ltpri-

145 3589 552 3660 arcs]ecorr.,clpflor.9Vc
