2594 3878
201 213 264 276 176
508 214 597 264 ΠΕΡΙ
613 212 743 266 ΚΩΝΟΤ
760 213 899 268 ΤΟΜΗΣ.

199 363 282 422 ΑΔ·
323 358 360 422 τὸ
380 361 488 422 ΗΑΘ
510 358 575 442 ἄρα
597 359 763 442 τρίγωνον
785 359 921 422 ἔλαττόν
940 355 1008 421 ἐστι
1028 363 1088 419 τοῦ
1108 357 1213 419 ΓΑΔ

200 465 375 550 τριγώνου.
417 463 538 548 ὁμοίως
561 460 598 527 δὲ
621 463 801 545 δείκνυται,
824 463 875 528 ὅτι
897 461 953 527 καὶ
970 462 1076 527 πάντα
1094 462 1136 526 τὰ
1155 462 1212 526 διὰ

200 581 260 636 τοῦ
280 569 396 649 ἄξονος
413 573 559 657 τρίγωνα
578 578 637 634 τοῦ
653 573 751 634 ΓΑΔ
770 569 928 634 έλώττονιί
947 569 1024 634 ἐστι.
1056 568 1211 654 μέγιστον

201 681 265 764 ἄρα
291 677 425 742 πάντων
453 687 521 742 τών
546 677 602 741 διὰ
625 685 685 740 τοῦ
708 675 825 754 ἄξονος
847 677 1020 762 τριγώνων
1042 676 1079 740 τὸ
1103 679 1211 758 ΑΓΔ,
1284 697 1285 726 ι

168 795 183 842 5
203 784 374 869 ἐλάχιστον
398 780 435 848 δὲ
457 784 495 848 τὸ
518 788 632 848 ΑΕΖ·
661 782 740 868 ὅπερ
765 783 832 847 ἔδει
855 780 968 860 δεῖξαι.
1284 769 1285 776 ¹

290 892 411 976 ὁμοίως
443 887 479 954 δὲ
512 891 695 973 δείκνυται,
733 890 783 954 ὅτι
811 886 867 954 καὶ
894 890 931 954 τὸ
964 897 1024 954 τοῦ
1056 891 1211 972 μεγίστου

202 1002 314 1083 ἔγγιον
337 1000 446 1084 μεῖζόν
470 997 538 1062 ε’στι
561 1005 622 1061 τοῦ
645 996 824 1082 ἀπώτερον.

680 1269 716 1309 κε
731 1294 739 1310 .

267 1388 322 1455 Ἐν
349 1399 394 1477 τῷ
422 1386 559 1453 δοθέντι
585 1388 681 1475 κώνῳ
709 1392 863 1476 σκαληνςό
890 1386 953 1452 ἀπὸ
982 1395 1040 1471 τῆς
1065 1396 1214 1474 κορυφῆς

152 1506 185 1554 10
205 1495 257 1562 ἐπὶ
275 1497 336 1579 την
354 1494 568 1582 περιφέρειαν
586 1503 644 1578 της
661 1495 787 1578 βάσεως
808 1493 945 1559 εὐθεῖαν
964 1493 1110 1576 ἀγαγεῖν,
1133 1494 1214 1579 πρὸς

204 1604 246 1687 ἣν
270 1603 289 1686 ἡ
313 1603 448 1687 μεγίστη
473 1604 573 1684 λόγον
596 1599 659 1678 ἕξει
683 1599 840 1665 δοθέντα·
864 1602 917 1664 δεῖ
933 1602 975 1685 δη
993 1601 1053 1665 τὸν
1071 1600 1214 1666 δοθέντα

205 1713 305 1794 λόγον
329 1711 476 1793 μείζονος
504 1704 564 1792 μὲν
587 1702 776 1792 εἶναιπρὸς
800 1707 970 1791 ἐλάττονα,
999 1707 1157 1772 έλώττονα
1181 1702 1215 1770 δὲ

205 1813 290 1883 εἶναι
317 1825 378 1881 τοῦ
410 1814 450 1880 ὃν
478 1817 543 1900 έχει
570 1813 591 1896 η
619 1817 753 1899 μεγίστη
781 1825 847 1879 τών
875 1813 911 1879 ἐν
936 1823 981 1902 τῷ
1009 1814 1106 1901 κώνῳ
1134 1814 1215 1900 πρὸς

137 1915 140 1924 ’
205 1926 265 2010 την
289 1923 470 2008 ἐλαχίστην.

154 2038 186 2085 15
273 2031 425 2095 δεδόσθω
453 2040 574 2112 κῶνος,
602 2024 642 2094 οὗ
665 2028 761 2112 βάσις
788 2028 805 2094 ὁ
829 2031 898 2093 ΒΓ
921 2029 1041 2110 κύκλος
1067 2025 1123 2092 καὶ
1147 2027 1217 2092 διώ-

205 2159 322 2222 μετρος
350 2144 411 2200 τοῦ
438 2137 563 2200 κύκλου
590 2133 610 2217 ἡ
636 2139 714 2218 ΒΓ,
742 2136 873 2218 κορυφὴ
898 2131 935 2199 δὲ
957 2135 993 2199 τὸ
1017 2140 1049 2198 Α
1073 2146 1218 2218 σημεῖον,

205 2244 288 2328 πρὸς
311 2242 417 2328 ὀρθὰς
441 2237 477 2305 δὲ
500 2251 546 2329 τῷ
565 2245 634 2306 ΒΓ
650 2242 760 2329 κύκλῳ
783 2243 820 2306 τὸ
839 2245 945 2306 ΑΒΓ
962 2245 1141 2328 τρίγωνον·
1165 2264 1219 2326 με-

206 2355 300 2434 γίστη
324 2346 384 2435 μὲν
407 2349 471 2434 ἄρα
489 2347 509 2430 ἡ
529 2352 596 2412 BA
618 2359 686 2413 τῶν
704 2347 768 2413 ἀπὸ
787 2357 845 2431 τῆς
861 2357 1012 2434 κορυφῆς
1029 2355 1089 2412 τοῦ
1108 2349 1219 2413 κώνου

206 2458 359 2541 εὐθειῶν,
379 2454 530 2539 ἐλαχίστη
550 2451 587 2519 δέ
605 2455 713 2538 ηΑΓ.
746 2453 947 2539 ἐπιτετάχθαι
967 2455 1008 2538 δη
1027 2453 1091 2518 ἀπὸ
1110 2463 1171 2518 τοῦ
1188 2459 1220 2518 Α

154 2577 188 2625 20
208 2563 261 2630 ἐπὶ
279 2567 340 2649 τὴν
357 2562 571 2652 περιφέρειαν
591 2571 651 2627 τοῦ
669 2563 794 2626 κύκλου
814 2561 949 2644 ἀγαγεῖν
968 2561 1116 2644 εὐθεῖαν,
1138 2561 1220 2646 πρὸς

206 2672 249 2755 ἣν
272 2672 292 2756 η
312 2676 378 2736 ΒΑ
401 2675 502 2754 λόγον
525 2669 598 2754 Aa,
621 2669 661 2734 ὃν
684 2672 748 2753 ἔχει
769 2668 790 2751 η
809 2674 842 2733 Δ
865 2669 980 2734 εὐθεῖα
999 2671 1117 2753 μείζων
1137 2663 1220 2733 οὖσα

207 2779 290 2864 πρὸς
318 2780 379 2862 την
402 2784 433 2843 Ε
461 2778 630 2842 ἐλάττονα·
663 2774 761 2860 ἐχέτω
790 2772 826 2840 δὲ
853 2775 929 2859 ἡΔ
955 2776 1038 2862 πρὸς
1062 2779 1094 2840 Ε
1121 2777 1221 2858 λόγον

208 2885 365 2950 ἐλάττονα
388 2892 448 2948 τοῦ
472 2881 512 2947 ὃν
535 2885 600 2966 ἔχει
622 2879 642 2964 ἡ
666 2885 733 2944 BA
755 2881 838 2966 πρὸς
861 2883 934 2946 ΑΓ.

274 2991 429 3074 κατηχθω
460 2986 512 3053 ἐπὶ
539 2989 600 3070 την
627 2990 698 3051 ΒΓ
719 2987 860 3063 κάθετος
886 2986 906 3070 ἡ
937 2993 969 3052 Α
976 2992 1017 3071 Ζ,
1049 2985 1105 3051 καὶ
1134 2987 1220 3071 ἐκβε-

155 3110 188 3158 25
208 3099 345 3182 βλησθω
373 3095 393 3179 ἡ
418 3099 531 3178 ΒΖΗ,
555 3093 610 3159 καὶ
637 3095 682 3172 ώς
711 3092 729 3176 ἡ
753 3099 786 3158 Δ
813 3095 896 3181 πρὸς
918 3099 961 3178 Ε,
989 3095 1095 3171 οὕτως
1125 3093 1219 3180 ἐχέτω

281 3366 304 3414 1.
325 3361 424 3432 ΗΛΘ]
444 3361 505 3414 ΗΘ
523 3376 545 3413 c.
601 3358 726 3430 ἔλαττον]
746 3376 815 3413 corr.
839 3375 874 3413 ex
893 3358 1008 3415 ἔλασσον
1026 3377 1062 3414 m.
1084 3365 1098 3412 1
1118 3377 1142 3414 ο.
1197 3364 1220 3412 3.

211 3433 303 3503 ΓΑΔ]
322 3436 405 3486 ΑΓΔ
422 3448 450 3499 p.
530 3428 675 3501 ἐλάττονα]
698 3449 730 3499 p,
756 3429 868 3485 ἔλαττον
887 3431 956 3486 ch
980 3429 1045 3500 (fuit
1068 3433 1221 3486 correctum

210 3503 240 3555 in
263 3501 329 3571 W).
420 3508 444 3554 ὁ.
473 3498 540 3569 ὅπερ
566 3499 622 3554 ἔδει
645 3502 747 3572 δεῖξαι]
771 3517 824 3555 om.
848 3520 874 3570 p.
967 3507 991 3555 7.
1014 3502 1173 3574 ἀπώτερον]
1195 3519 1220 3571 p,

210 3571 349 3640 ἀπώτερον
372 3571 425 3626 Vc.
500 3577 525 3625 8.
545 3571 639 3642 us']p
663 3575 692 3624 et
715 3590 751 3627 m.
775 3587 829 3625 rec.
849 3571 883 3641 V,
907 3589 961 3628 om.
979 3573 1032 3627 Vc.
