2594 3878
160 206 204 270 94
431 206 519 256 ΠΕΡΙ
536 202 905 256 Κνωωουουυοωωε.

160 349 281 436 μέρους
304 349 428 434 ὁμοίων
451 349 512 413 δύο
532 347 708 425 ἐλλείψεων
726 348 798 430 ήτοι
816 354 874 429 τῆς
893 349 968 411 AN
981 343 1002 428 ἢ
1020 353 1078 428 τῆς
1097 348 1182 409 AM

160 458 243 544 πρὸς
265 457 302 521 τὸ
325 456 389 521 ἀπὸ
412 463 469 539 τῆς
492 452 648 536 δευτέρας
670 455 832 535 συζυγοῦς
855 449 1045 538 διαμέτρου,
1066 451 1112 527 ὡς
1136 449 1178 515 δὲ

159 565 197 628 τὸ
220 563 285 628 ὑπὸ
308 572 375 627 τῶν
399 567 437 627 Π
439 565 479 648 Σ,
502 566 580 644 ΣΑ,
603 557 752 624 τουτέστι
775 559 812 623 τὸ
830 558 895 624 ὑπὸ
914 570 981 623 τῶν
1001 560 1075 642 ΓΣ,
1094 561 1176 640 ΣΒ,

159 671 242 757 πρὸς
265 670 302 734 τὸ
326 668 389 734 ἀπὸ
412 677 469 752 τῆς
489 673 566 751 ΣΑ,
590 667 695 742 οὑτως
713 667 750 730 τδ
769 665 832 730 ἀπὸ
851 673 908 749 τῆς
926 663 1081 751 δευτέρας
1100 665 1177 728 δια-

125 775 281 862 5μέτρου
318 787 384 841 τών
414 774 477 840 ἀπὸ
510 785 576 839 τῶν
609 771 842 856 ἀντικειμένων
874 781 984 858 μερῶν
1020 768 1178 855 ἡμμένων

160 881 336 960 ἐλλείψεων
363 883 446 968 πρὸς
472 882 509 945 τὸ
538 880 601 945 ἀπὸ
628 887 686 964 τῆς
708 883 871 961 συζυγοῦς
894 876 1080 964 διαμέτρου,
1126 878 1177 954 ὡς

159 991 224 1076 ἀρα
247 999 304 1074 τῆς
327 987 437 1075 ἑτέρας
460 990 616 1070 συζυγίας
638 987 659 1070 ἡ
682 986 856 1072 διάμετρος
877 985 960 1071 πρὸς
981 985 1042 1068 τήν
1060 984 1175 1049 δευτέ-

159 1121 223 1182 ραν
251 1096 441 1182 διάμετρον,
469 1095 575 1170 οὑτως
597 1103 654 1176 τῆς
677 1090 788 1178 ἑτέρας
810 1094 965 1174 συζυγίας
988 1091 1008 1175 ἡ
1032 1093 1175 1176 δευτέρα

158 1203 332 1289 διάμετρος
354 1203 438 1288 πρὸς
460 1203 521 1286 τήν
543 1200 729 1285 διάμετρον.
1025 1193 1034 1208 ’

106 1357 139 1406 10
226 1343 293 1409 Καὶ
316 1344 431 1428 γέγονε
454 1344 602 1429 φανερὸν
625 1342 661 1406 ἐκ
684 1343 825 1424 τούτων,
854 1341 904 1406 ὅτι
927 1339 964 1404 ἐν
986 1338 1085 1405 παντὶ
1108 1336 1175 1424 μὲν

156 1452 324 1537 κυλίνδρῳ
351 1448 407 1514 καὶ
434 1451 530 1536 κώνῳ
559 1451 774 1514 συνίστανται
797 1447 860 1512 δύο
888 1450 1041 1529 συζυγίαι
1067 1446 1172 1512 ἐλλεί-

157 1568 247 1636 ψεων
279 1557 404 1640 ὁμοίων
435 1553 495 1641 μὲν
527 1553 696 1638 ἀλλήλαις,
727 1554 1011 1630 ἀντιπεπονδυίας
1042 1551 1079 1618 δέ
1110 1555 1174 1630 τὰς

157 1661 355 1749 διαμέτρους
377 1661 538 1748 ἐχουσῶν,
565 1659 620 1726 καλ
643 1662 694 1726 ὅτι
716 1662 805 1748 παρὰ
827 1662 885 1737 τάς
908 1659 1067 1747 τέσσαρας
1089 1663 1172 1725 ταύ-

156 1793 214 1847 τας
241 1771 323 1854 ἀλλη
352 1769 449 1854 ὁμοία
472 1768 512 1834 οὐ
536 1771 728 1833 συνίσταται
750 1769 837 1852 πλήν
859 1779 926 1833 τών
948 1769 1175 1854 παραλλήλων

104 1888 138 1936 15
158 1877 284 1954 αὐταῖς·
309 1873 360 1941 ἀεὶ
382 1876 445 1962 γάρ
469 1876 507 1940 αί
526 1875 731 1962 παράλληλοι
753 1871 851 1958 τομαὶ
874 1874 989 1960 ὁμοίας
1011 1883 1172 1940 ποιοῦσιν

156 1983 329 2068 ἐλλείψεις,
353 1982 411 2047 ἐὰν
433 1993 565 2047 ποιῶσι·
589 1980 644 2046 καί
668 1981 719 2046 ὅτι
741 1978 794 2046 ἐπὶ
817 1977 877 2064 μὲν
900 1990 959 2046 τοῦ
982 1983 1170 2067 κυλίνδρου

154 2089 175 2172 ἡ
199 2090 255 2154 διὰ
278 2098 335 2172 τῆς
354 2091 426 2153 ΓΗ
444 2088 555 2172 ἀγωγή
578 2097 638 2152 τοῦ
662 2086 819 2153 ἐπιπέδου
841 2087 1023 2153 ὑπεναντία
1043 2085 1081 2152 τέ
1097 2087 1172 2153 ἐστι

153 2194 210 2261 καὶ
237 2196 361 2261 κύκλον
387 2206 477 2259 ποιεῖ
500 2197 561 2279 τήν
588 2198 706 2279 τομήν,
735 2192 788 2259 ἐπὶ
811 2191 848 2258 δὲ
870 2203 930 2259 τοὺ
951 2195 1079 2277 κώνου,
1107 2193 1171 2259 ἐὰν

155 2303 211 2367 διὰ
239 2311 298 2367 τοῦ
326 2307 358 2366 A
385 2310 445 2366 τοῦ
466 2302 592 2366 κύκλου
614 2300 800 2385 ἐφάπτηταί
820 2324 870 2378 τις
895 2301 939 2377 ὡς
961 2300 982 2383 ἡ
1006 2305 1085 2385 ΑΧ,
1110 2301 1171 2366 διὰ

101 2421 135 2470 20
154 2411 191 2475 τὸ
220 2403 305 2475 εἶναι
332 2410 369 2473 τὸ
397 2408 461 2473 ἀπὸ
489 2417 547 2492 τῆς
571 2411 643 2471 ΑΧ
659 2417 705 2495 τῷ
728 2407 792 2472 ὑπὸ
816 2417 883 2472 τών
906 2411 983 2491 ΒΧ,
1006 2411 1074 2472 ΧΓ
1092 2414 1172 2473 ίσον

154 2516 174 2600 ἡ
199 2517 255 2581 διδι
272 2527 340 2581 τῶν
358 2525 397 2601 τῇ
416 2519 483 2580 AX
494 2515 715 2600 παραλλήλων
733 2513 876 2578 εὐθειῶν
894 2512 930 2578 ἐν
949 2523 994 2602 τῷ
1013 2516 1170 2602 τριγώνῳ

155 2623 266 2707 ἀγωγή
289 2635 356 2688 τῶν
380 2621 545 2688 ἐπιπέδων
566 2623 695 2705 ποιήσει
718 2621 873 2696 κύκλους·
896 2620 1076 2686 ὑπεναντία
1101 2622 1169 2708 γάρ

155 2729 223 2795 ἐστι
250 2726 305 2793 κοιλ
334 2729 432 2813 αὐτή,
460 2730 505 2806 ὡς
531 2738 576 2816 τῷ
599 2725 795 2814 προσέχοντι
817 2729 943 2809 γίνεται
965 2727 1168 2812 καταφανές·

152 2834 209 2900 καὶ
232 2835 283 2899 ὅτι
305 2845 345 2920 τῇ
369 2837 507 2921 δοθείσῃ
531 2835 673 2912 ἐλλείψει
693 2833 729 2898 ἐν
751 2835 919 2921 κυλίνδρῳ
939 2840 1091 2924 σκαληνῳ
1110 2835 1168 2902 καί

102 2955 135 3004 25
154 2942 249 3028 κώνῳ
272 2952 360 3026 τρεῖς
382 2941 497 3026 ὁμοίας
520 2943 621 3017 ἀλλας
643 2942 734 3004 ἐστιν
756 2939 876 3026 εὑρεῖν,
899 2943 978 3024 μίαν
1001 2938 1062 3026 μὲν
1081 2942 1167 3029 αὐτῇ

153 3055 192 3132 τῇ
212 3047 351 3133 δοθείσῃ
370 3049 523 3132 σύζυγον,
542 3048 604 3112 δύο
623 3043 659 3110 δέ
679 3043 810 3122 ἑαυταῖς
827 3043 887 3131 μέν
905 3048 1077 3132 συζύγους,
1094 3061 1168 3126 ταῖς

154 3150 190 3219 δέ
209 3159 339 3230 λοιπαῖς
353 3153 468 3238 ὁμοίας
485 3155 567 3218 κατὰ
586 3153 868 3236 ἀντιπεπόνθησιν
885 3164 953 3218 τών
966 3154 1167 3242 διαμέτρων·

226 3426 249 3474 1.
269 3419 347 3490 AM]
368 3422 405 3472 M
418 3433 497 3472 euan.
517 3436 544 3487 p.
627 3425 650 3472 2.
670 3418 707 3480 ὡς
726 3415 773 3489 δέ]
794 3416 836 3470 bis
856 3434 879 3471 ο.
959 3423 983 3472 6.
1004 3417 1166 3494 ἐλλείψεων]

154 3507 207 3544 om.
227 3507 250 3544 ο.
320 3496 343 3545 ῖ,
363 3486 508 3560 δευτέραν]
526 3506 554 3558 p,
573 3505 626 3543 om.
641 3489 694 3543 Vc.
764 3495 805 3543 11.
825 3488 918 3562 κώνῳ]
937 3489 1018 3563 κώνῳ
1037 3495 1166 3567 σκαληνῷ

153 3560 262 3629 Halley.
336 3566 377 3615 17.
396 3559 504 3632 ἀγωγή]
524 3557 634 3629 scripsi,
653 3561 763 3630 ἀγωγῆς
780 3559 857 3629 ch.
931 3565 973 3615 19.
992 3570 1043 3617 τοῦ
1059 3564 1166 3620 κὺκλου
