2574 3882
161 176 203 240 58
432 178 519 228 ΠΕΡΙ
536 177 751 229 ΚΤΛΙΝΔΡΟΤ
770 178 905 228 ΤΟΜΗΣ.

160 323 197 386 τὸ
226 320 290 384 ἀπὸ
318 328 376 402 τῆς
403 325 468 384 ΒΕ
489 321 571 405 πρὸς
598 321 634 384 τὸ
662 319 727 384 ὑπὸ
753 331 820 384 τῶν
843 324 960 383 ΑΕΔ·
993 318 1116 402 ὁμοίως
1141 314 1180 382 δέ

160 425 216 491 καὶ
239 427 275 490 τὸ
300 426 363 491 ἀπὸ
387 435 445 510 τῆς
469 429 530 490 ΓΖ
553 427 636 511 πρὸς
658 427 695 491 τὸ
718 426 783 491 ὑπὸ
807 431 919 490 ΑΖΔ.
956 423 1012 489 καὶ
1035 423 1177 502 ἐναλλὰξ

160 534 234 618 ἄρα,
258 533 303 608 ὡς
325 534 361 597 τὸ
386 532 449 597 ἀπὸ
472 541 530 616 τῆς
553 537 619 596 ΒΕ
639 534 722 619 πρὸς
745 534 781 596 τὸ
805 531 868 597 ἀπὸ
892 541 949 615 τῆς
973 535 1044 613 ΓΖ,
1068 531 1178 608 οὕτως

160 641 197 704 τὸ
216 639 281 704 ὑπὸ
300 650 367 703 τῶν
383 645 488 704 ΑΕΔ
506 641 589 724 πρὸς
607 641 643 704 τὸ
662 639 727 704 ὑπὸ
746 650 813 703 τῶν
828 645 943 703 ΑΖΔ·
969 637 1176 724 δπροέκειτο

125 743 272 823 όδεϊξαι.

226 851 294 916 Καὶ
325 861 429 917 ταῦτα
462 852 623 917 δέδεικται
654 851 706 917 ἐπὶ
738 861 796 936 τῆς
828 852 1001 930 ἐλλείψεως
1034 853 1070 917 έν
1103 866 1174 930 τοῖς

158 963 325 1036 Κωνικοίς
346 961 538 1046 θεωρήματι
560 958 602 1024 κ’.

222 1155 308 1220 Ἐστι
336 1151 397 1238 μὲν
424 1151 486 1220 οὖν
512 1153 567 1220 καὶ
595 1153 640 1218 δι’
667 1153 786 1240 ἑτέρων
818 1157 981 1219 πλείστων
1011 1154 1173 1234 ἐπιδεῖξαι

156 1263 218 1345 τὴν
245 1264 427 1343 ταυτότητα
454 1272 521 1326 τῶν
548 1271 658 1345 τομῶν
682 1262 738 1325 διδ
761 1272 827 1326 τῶν
849 1271 944 1346 κοινη
969 1265 1173 1346 συμβαινόν-

105 1380 138 1428 10
155 1392 224 1433 των
247 1367 374 1442 αὐταῖς·
399 1367 439 1430 οὐ
462 1369 528 1450 μὴν
551 1367 634 1431 ἀλλὰ
656 1367 754 1448 τοίγε
777 1367 980 1454 ἀρχικώτερα
1001 1379 1070 1434 τῶν
1089 1386 1173 1454 συμ-

155 1473 340 1557 πτωμάτων
373 1479 499 1558 είρηται
526 1475 653 1556 σχεδόν.
704 1476 813 1538 ἔπειτα
840 1473 934 1559 μέχρι
962 1476 1060 1539 τοῦδε
1090 1498 1174 1562 προ-

156 1583 315 1663 αχθείσης
341 1588 399 1662 τῆς
425 1583 569 1664 θεωρίας
596 1579 657 1644 οὐκ
685 1578 757 1663 ἐμοὶ
784 1582 943 1666 προσήκει
966 1581 1174 1647 τούντεῦθεν

155 1688 203 1750 έτι
231 1695 298 1749 τῶν
326 1690 452 1749 λοιπῶν
479 1683 598 1749 ἕκαστα
626 1684 781 1763 διεξιόντι
808 1698 877 1762 τοῖς
904 1687 1091 1772 ἀλλοτρίοις
1120 1688 1174 1754 έν-

156 1793 352 1877 διατρίβειν·
377 1789 502 1874 ἀνάγκη
526 1791 588 1876 γοίρ
608 1813 672 1856 που
692 1797 955 1874 λεπτολογοῦντα
973 1793 1049 1880 περὶ
1068 1794 1174 1860 ε’λλεί-

103 1910 135 1958 15
154 1909 242 1976 ψεως
269 1897 520 1980 έπεισκυκλησαι
547 1896 602 1962 καὶ
632 1899 671 1962 τδι
700 1908 746 1986 τῷ
777 1903 931 1986 Περγαίω
959 1898 1172 1990 Ἀπολλωνίῳ

154 2002 386 2088 τεθεωρημένα
408 2002 484 2089 περὶ
507 2003 616 2087 αὐτῆς.
657 2003 729 2068 ἀλλ’
751 2005 814 2092 ὅτῳ
839 2007 967 2089 σπουδὴ
986 2005 1171 2093 περαιτέρω

155 2123 304 2193 σκοπεῖν,
332 2109 435 2188 ἔξεστι
462 2118 564 2174 ταῦτα
587 2109 804 2195 παρατιθέντι
828 2123 896 2187 τοῖς
920 2111 956 2176 έν
979 2123 1025 2200 τῷ
1048 2115 1172 2201 πρώτω

153 2228 220 2281 τῶν
243 2220 407 2281 Κωνικῶν
430 2215 615 2302 εἰρημένοις
633 2216 722 2304 αὐτῷ
742 2215 787 2280 δι’
809 2217 911 2282 αὑτοῦ
930 2221 1113 2301 βεβαιῶσαι
1132 2221 1170 2288 τὸ

154 2327 385 2409 προκείμενον·
410 2323 471 2388 ὅσα
494 2323 557 2406 γδιρ
582 2321 618 2386 ἐν
641 2321 777 2399 ἐκείνοις
799 2321 874 2408 περὶ
897 2325 959 2406 τὴν
977 2333 1037 2388 τοῦ
1056 2326 1170 2390 κώνου

100 2441 134 2490 20
152 2432 257 2514 τομὴν
280 2433 506 2515 συμβαίνοντα
529 2429 590 2512 τὴν
613 2428 820 2514 καλουμένην
843 2432 999 2513 ἔλλειψιν,
1023 2441 1171 2496 τοσαῦτα

151 2535 207 2602 καὶ
236 2536 312 2623 περὶ
340 2539 401 2621 τὴν
430 2545 490 2602 τοῦ
520 2537 703 2621 κυλίνδρου
731 2537 834 2619 τομὴν
862 2535 897 2599 ἐκ
924 2547 991 2600 τῶν
1020 2536 1172 2602 ἐνταῦθα

151 2643 438 2730 προδεδειγμένων
466 2642 597 2726 εὑρήσει
625 2645 859 2725 συμβαίνοντα.
906 2642 1021 2728 διόπερ
1045 2645 1170 2708 τούτου

151 2747 211 2832 μέν
231 2748 384 2831 ἀποστάς,
408 2748 503 2830 ὀλίγα
522 2745 558 2811 δὲ
577 2749 657 2812 όίττα
676 2747 839 2831 λημμάτια
857 2752 1027 2832 προσθείς,
1052 2748 1102 2820 δι’Ι
1121 2745 1172 2815 ὧν

151 2853 206 2918 καὶ
225 2856 335 2918 αὐτῶν
354 2854 563 2918 ένδείκνυταί
578 2874 648 2928 πως
666 2852 686 2934 ἡ
705 2864 772 2917 τῶν
790 2865 900 2937 τομῶν
919 2857 1090 2938 ταυτότης,
1115 2854 1168 2920 ἐπ’

98 2970 131 3019 25
151 2961 231 3024 όίλλο
254 2983 286 3023 τι
309 2959 477 3043 τρέψομαι.
545 2989 546 2992 “

638 3062 680 3126 κ’.

217 3188 313 3272 Λέγω
337 3191 463 3270 τοίνυν,
487 3186 538 3250 ὅτι
561 3187 707 3251 δυνατόν
730 3187 799 3252 ἐστι
822 3185 924 3264 δεῖξαι
947 3199 1058 3253 κῶνον
1082 3191 1168 3275 ὁμοῦ

150 3295 206 3360 καὶ
233 3295 415 3380 κύλινδρον
443 3301 502 3378 μιᾷ
524 3290 579 3356 καὶ
602 3303 640 3377 τῇ
664 3293 747 3379 αὐτῇ
770 3291 999 3378 τεμνομένους
1013 3294 1169 3374 ἐλλείψει.

221 3458 245 3504 4.
266 3450 284 3503 ἅ
305 3483 338 3490 -
358 3456 382 3504 5.
403 3449 504 3518 δεῖξαι]
525 3465 577 3502 om.
597 3467 623 3516 p.
687 3453 709 3501 7.
730 3449 772 3520 κ’]
791 3449 840 3504 κατ’
859 3448 962 3516 Halley
981 3465 1045 3502 cum
1060 3451 1167 3508 Comm.

188 3525 228 3575 10.
248 3522 359 3592 αὐταῖς]
378 3539 404 3589 p,
425 3522 520 3581 αὐτοῖς
537 3519 590 3573 Vc,
665 3524 705 3572 12.
726 3519 787 3587 ἐμοὶ
805 3518 950 3590 προσήκει]
970 3519 1071 3588 scripsi
1085 3540 1169 3592 prae-
