2574 3882
165 180 187 243 4
435 183 522 232 ΠΕΡΙ
541 181 757 232 ΚΤΛΙΝΔΡΟΤ
775 180 912 233 ΤΟΜΗΣ.

164 327 224 390 τὸν
260 327 426 408 σκαληνὸν
458 328 696 411 περιλαβόντας
728 321 780 388 ἐπὶ
812 320 914 387 πλέον
949 323 1090 387 ἐκτεῖναι
1122 322 1185 404 την

166 435 325 516 θεωρίαν.
373 432 423 496 ὅτι
450 428 511 515 μὲν
538 433 601 514 γάρ
630 431 691 495 οὐκ
718 429 760 495 ἀν
787 431 944 516 προσοῖτό
973 451 1023 505 τις
1046 425 1185 512 ἑτοίμως

166 541 210 622 μη
244 537 319 622 ούχλ
351 539 457 603 πάντα
489 538 672 622 κύλινδρον
703 537 810 622 ὀρθὸν
847 531 932 600 ελναι
964 545 1021 618 τῆς
1053 533 1185 611 ἐννοίας

166 655 264 709 τοῦτο
280 646 557 729 συνεφελκούσης,
568 644 629 708 οὐκ
643 643 753 726 ἀγνοῶ
768 644 953 725 δήπουθεν·
973 642 1013 706 οὐ
1027 642 1093 725 μὴν
1108 639 1182 706 ἀλλ’
1265 719 1267 726 y

133 751 265 817 ἀένεκά
298 775 335 835 γε
368 761 426 837 της
459 755 605 834 θεωρίας
637 752 774 834 ἀμεινον
805 745 896 833 οἶμαι
928 747 1184 836 καθολικωτέρφ

168 857 295 946 ὁρισμῷ
322 862 528 945 περιλαβεῖν,
555 855 624 922 ἐπεὶ
646 855 702 921 καλ
724 858 785 940 την
808 858 912 940 τομὴν
935 856 1044 942 ὀρθοῦ
1066 855 1185 940 μένου·
1266 845 1268 882 ÷

169 988 224 1042 τος
259 965 362 1031 αὐτοῦ
392 969 477 1050 μόνη
508 975 546 1050 τῇ
577 973 637 1029 τοῦ
668 963 776 1049 ὀρθοῦ
805 965 916 1028 κώνου
949 962 1090 1040 ἐλλείψει
1122 964 1185 1045 τὴν
1266 947 1268 952 ’

168 1071 273 1155 αὐτὴν
292 1066 378 1135 εἶναι
397 1072 610 1156 συμβήσεται,
628 1069 898 1154 καθολικώτερον
912 1066 949 1132 δὲ
962 1066 1185 1144 ὑποτεθέντος

169 1178 228 1263 ὅλη
252 1188 291 1263 τῇ
317 1176 458 1254 ἐλλείψει
480 1175 535 1242 καλ
559 1177 664 1260 αὐτην
688 1173 855 1259 ἐξισάζειν,
880 1175 896 1239 ὃ
921 1176 962 1258 δὴ
986 1173 1041 1238 καὶ
1064 1174 1186 1252 δείξειν
1268 1187 1269 1190 ’

116 1296 148 1344 10
168 1284 186 1349 ὁ
216 1283 333 1367 παρὼν
360 1286 457 1365 λόγος
485 1281 725 1366 ἐπαγγέλλεται.
772 1281 859 1347 ἰτέον
883 1277 945 1347 οὖν
968 1281 1048 1365 ἡμῖν
1071 1280 1124 1346 ε’πὶ
1146 1284 1185 1346 τὸ

152 1389 388 1475 ’προκείμενον
411 1388 620 1474 ὁρισαμένοις
643 1390 733 1453 τάδε·

237 1495 295 1559 έάν
324 1497 492 1579 μενόντων
520 1495 583 1559 δύο
610 1483 745 1560 κύκλων
771 1501 853 1560 ίσων
881 1519 915 1559 τε
942 1493 997 1559 καλ
1022 1497 1187 1579 παραλλή-

171 1607 239 1667 λων
263 1603 300 1666 αι’
326 1600 495 1686 διάμετροι
517 1601 723 1687 παράλληλοι
747 1597 845 1667 οὖσαι
869 1603 924 1666 διά
946 1602 1069 1677 παντὸς
1087 1601 1190 1666 αὐταί

170 1732 204 1773 τε
231 1715 494 1794 περιενεχθεῖσαι
523 1708 559 1774 έν
586 1720 656 1784 τοῖς
679 1719 745 1773 τῶν
767 1709 899 1773 κύκλων
922 1706 1088 1783 ἐπιπέδοις
1109 1706 1187 1792 περὶ

119 1829 150 1878 15
171 1813 273 1899 μένον
292 1816 329 1879 τὸ
348 1814 487 1900 κέντρον
504 1813 560 1880 καλ
579 1824 914 1900 συμπεριενεγκοῦσαι
932 1816 993 1898 την
1007 1815 1047 1878 τά
1061 1813 1186 1898 πέρατα

168 1921 281 1986 αὐτῶν
316 1922 398 1986 κατὰ
431 1923 467 1986 τὸ
498 1923 578 1987 αὐτὸ
609 1921 708 2008 μέρος
738 1920 1018 2004 ἐπιζευγνύουσαν
1048 1921 1186 1986 εὐθεῖαν

169 2030 216 2105 είς
241 2029 343 2114 Ιταύτὸ
371 2027 472 2093 πάλιν
496 2028 781 2111 ἀποκαταστῶσιν,
810 2027 830 2111 η
854 2041 1017 2114 γραφεῖσα
1040 2028 1104 2093 ὑπὸ
1128 2037 1188 2111 τῆς

169 2135 436 2219 περιενεχθείσης
450 2135 583 2211 εὐθείας
602 2134 777 2219 έπιφάνεια
795 2137 991 2219 κυλινδρικη
1010 2134 1187 2219 έπιφάνεια

169 2244 348 2324 καλείσθω,
370 2242 442 2324 η’τις
464 2239 519 2306 καλ
542 2239 592 2306 ἐπ’
620 2243 757 2327 ἀπειρον
780 2239 940 2320 αὔξεσθαι
964 2242 1104 2306 δύναται
1127 2250 1188 2324 τῆς

116 2343 151 2408 2'0
169 2349 366 2433 γραφούσης
393 2347 498 2431 αὐτην
526 2347 659 2424 εὐθείας
691 2347 740 2413 ἐπ’
770 2350 908 2434 ἀπειρον
936 2345 1186 2432 ἐκβαλλομένης.

168 2456 346 2541 κύλινδρος
383 2451 419 2519 δὲ
455 2456 492 2519 τὸ
529 2458 761 2540 περιεχόμενον
798 2464 904 2539 σχῆμα
940 2455 1006 2520 ὑπό
1042 2477 1076 2518 τε
1116 2465 1186 2519 τῶν

168 2564 390 2646 παραλλήλων
417 2563 548 2626 κύκλων
574 2559 630 2625 καὶ
658 2570 716 2644 τῆς
743 2560 862 2646 μεταξὺ
890 2562 1001 2626 αὐτῶν
1029 2560 1186 2644 ἀπειλημ-

168 2666 268 2752 μένης
299 2670 513 2753 κυλινδρικης
541 2669 741 2752 ἐπιφανείας.
787 2668 900 2750 βάσεις
928 2665 965 2732 δὲ
979 2677 1047 2732 τοῦ
1069 2671 1185 2732 κυλίν-

169 2775 253 2859 δρου
282 2775 317 2837 οί
341 2775 466 2838 κύκλοι.
511 2772 599 2851 ἀξων
627 2771 663 2838 δὲ
690 2773 710 2857 ἡ
734 2775 790 2838 διὰ
813 2785 880 2838 τῶν
902 2772 1049 2859 κέντρων
1072 2774 1185 2838 αὐτῶν

116 2894 151 2942 26
170 2877 313 2963 ἀγομένη
333 2880 455 2944 εὐθεῖα.
492 2881 618 2965 πλευρά
637 2878 674 2946 δὲ
692 2890 752 2945 τοῦ
770 2882 954 2966 κυλίνδρου
973 2882 1104 2966 γραμμή
1123 2904 1185 2965 τις,

169 2987 242 3069 ἥτις
273 2985 389 3050 εὐθεῖα
419 2983 502 3052 οὖσα
531 2985 587 3051 καλ
617 2985 669 3052 ε’πλ
699 2997 756 3070 της
785 2987 979 3072 ἐπιφανείας
1008 2983 1091 3054 οὖσα
1121 2997 1183 3053 τοῦ

168 3095 352 3179 κυλίνδρου
385 3105 451 3158 τῶν
482 3093 612 3177 βάσεων
644 3091 840 3179 ἀμφοτέρων
873 3096 1022 3178 ἀπτεται,
1053 3094 1096 3177 ἣν
1127 3099 1189 3158 καί

243 3401 268 3448 2.
288 3394 431 3464 προσοῖτο]
450 3393 555 3461 vac,
581 3411 605 3446 ει
623 3409 707 3462 supra
726 3410 777 3448 scr.
797 3411 832 3448 m.
852 3409 906 3448 rec.
926 3393 959 3448 V.
1032 3398 1055 3447 3.
1076 3391 1182 3465 πάντα]

171 3485 219 3518 -τα
244 3481 259 3518 e
283 3482 351 3518 corr.
376 3470 446 3518 m.1
472 3463 510 3533 V,
538 3462 623 3520 παντί
646 3483 664 3518 v
688 3481 772 3533 supra
796 3481 846 3518 ser.
867 3485 898 3533 α,
926 3462 1012 3519 πάλιν
1031 3481 1058 3532 ο,
1086 3464 1135 3518 τόν
1154 3484 1182 3534 p.

208 3544 232 3592 8.
254 3533 480 3603 καθολικωτέρον
499 3554 525 3605 p.
583 3542 623 3590 10.
644 3533 730 3606 ἰτέον]
745 3554 785 3589 -τ-
800 3551 815 3588 ο
831 3552 898 3590 corr.
913 3553 939 3603 p.
996 3533 1053 3606 ἐπί]
1074 3535 1182 3605 scripsi,
