2574 3882
450 285 454 295 ,
520 215 735 272 1611111116.
1091 219 1130 273 n

110 362 216 447 figura
235 340 416 446 inuenitur,
441 384 539 447 quam
561 363 781 448 adposuimus,
806 384 923 428 conum
946 385 1129 449 repraesen-

109 472 184 532 tans
208 467 341 552 nigrum
363 469 399 532 in
422 469 561 553 sphaera
583 469 673 534 lutea
690 469 899 554 inscriptum
922 491 1004 554 quae
1023 472 1129 557 figura

241 634 244 637 ,
415 597 490 641 cum
514 575 614 640 etiam
636 576 672 640 in
695 577 763 642 cod.
783 575 938 642 Ottobon.
962 577 1018 642 lat.
1042 577 1128 644 1850

415 686 532 768 exstet,
554 683 610 766 qui
629 686 663 746 et
680 682 751 766 ipse
765 681 913 748 Andreae
928 682 1046 750 Coneri
1064 685 1128 748 fuit

414 788 459 875 (u.
478 789 640 854 AbhandI.
659 813 685 854 z.
705 788 820 855 Gesch.
840 790 869 855 d.
883 789 1027 855 Maenv
1041 815 1071 876 p.
1083 790 1128 878 3),
1151 780 1158 793 ’

416 896 546 982 signum
561 899 611 961 est
625 917 664 960 ex
678 895 771 960 libris
786 895 874 981 quod
888 901 1024 961 uocatur
1037 897 1127 963 illius

139 973 354 1143 Q
414 1003 478 1066 uiri
508 1001 733 1068 mathematici
761 1003 843 1068 mihi
870 1003 977 1089 ignoti
1005 1005 1046 1068 ad
1071 1027 1128 1069 no-

414 1131 489 1173 men
509 1109 578 1174 eius
593 1107 756 1172 adludens.
787 1108 876 1172 tituli
891 1114 968 1174 sunt
986 1112 1128 1197 σερήνου

107 1220 269 1296 ἀντισέως
295 1218 372 1305 περὶ
398 1215 581 1300 κυλίνδρου
610 1222 711 1297 τομῆς
744 1218 777 1278 et
804 1216 947 1301 σερήνου
970 1215 1129 1294 duceudos

110 1326 187 1414 περὶ
215 1350 289 1393 oum
316 1327 442 1390 lacuna.
497 1322 567 1386 sine
594 1320 693 1384 dubio
722 1343 761 1385 ex
787 1320 860 1406 ipso
888 1321 919 1386 V
946 1323 1127 1408 descriptus

107 1440 175 1519 est3
209 1433 328 1498 desinit
351 1431 438 1496 enim
461 1429 497 1492 in
519 1429 581 1512 τὴν
606 1431 635 1492 0
656 1427 757 1511 βάσιν
778 1451 809 1512 p.
829 1430 910 1514 302,
933 1431 968 1514 4,
1000 1435 1038 1494 ut
1060 1429 1127 1495 Vw

108 1541 187 1624 soli,
216 1561 275 1604 nec
303 1561 323 1602 6
345 1561 375 1602 w
402 1536 533 1621 pendet,
561 1533 717 1619 quoniam
743 1533 779 1597 iu
805 1535 913 1619 priore
936 1535 1048 1601 libello
1072 1536 1127 1620 λη’

109 1645 354 1733 propositiones
376 1645 535 1727 numerat,
557 1665 588 1707 w
611 1645 721 1706 autem
744 1640 807 1728 λς’,
830 1641 865 1705 in
883 1643 986 1708 altero
1005 1644 1127 1728 primas

108 1752 170 1840 ,ηδ’
190 1753 276 1818 solus
299 1750 442 1816 numeris
466 1749 588 1835 signat,
612 1771 686 1813 cum
706 1771 737 1814 w
760 1749 801 1813 ad
824 1747 872 1826 ξε’
889 1751 1126 1836 progredietur.

110 1861 169 1926 sed
187 1863 278 1924 totus
297 1859 398 1924 codex
416 1859 581 1921 correctus
600 1857 652 1918 est
670 1855 710 1918 ab
729 1853 862 1919 homine
880 1876 947 1921 non
964 1855 1127 1943 imperito,

114 1968 171 2032 sed
194 1965 374 2032 audaciore.
1011 1964 1018 1974 '

179 2071 256 2138 Alia
280 2069 426 2137 subsidia
447 2073 576 2154 praeter
599 2068 724 2133 codices
751 2090 856 2152 pauca
883 2069 1015 2156 adsunt,
1041 2071 1127 2137 inter

110 2203 208 2266 quae,
239 2184 277 2244 ut
305 2178 402 2262 solet,
433 2177 530 2262 longe
557 2175 700 2260 primum
729 2175 837 2241 locum
865 2177 992 2242 obtinet
1020 2177 1127 2243 Gom-

109 2285 314 2352 mandinus
347 2281 500 2370 (Corum,
532 2282 565 2346 h.
589 2303 615 2345 e.
645 2279 757 2346 Sereni
783 2281 991 2349 Antinsensis
1024 2285 1128 2370 philo-

111 2394 208 2479 sophi
235 2392 312 2456 libri
341 2392 419 2474 duo,
451 2411 535 2453 unus
564 2389 603 2452 de
626 2387 769 2453 sectione
793 2389 945 2475 cylindri,
978 2392 1061 2456 alter
1088 2393 1127 2458 de

109 2499 256 2566 sectione
289 2497 376 2582 coni,
412 2519 432 2560 6
463 2493 617 2559 Federico
651 2492 884 2560 Commandino
917 2495 1077 2562 Urbinate
1110 2521 1127 2563 e

110 2605 238 2670 Graeco
262 2603 410 2669 conuersi
438 2606 471 2666 et
499 2600 740 2666 commentariis
762 2600 933 2687 illustrati,
960 2602 1127 2670 Bononiae

115 2712 200 2776 1566
223 2709 294 2794 fol,
315 2707 454 2793 repetita
477 2705 612 2771 Pistorii
637 2703 752 2792 1696),
778 2707 834 2790 qui
857 2709 978 2774 multos
1002 2731 1126 2775 errores

109 2817 211 2883 tacite
227 2815 372 2899 sustulit3
387 2813 503 2878 habuit
512 2812 656 2878 codicem
666 2812 867 2880 Marcianum
882 2812 927 2902 (u.
934 2815 1085 2900 Apollon.
1093 2817 1127 2882 II

110 2948 142 3009 p.
156 2920 355 3010 LXXXHI).
390 2925 500 3007 partes
514 2919 684 3005 utriusque
699 2921 805 3006 operis
824 2922 1058 3008 interpretatus
1077 2930 1128 2990 est

1 3071 3 3076 >
111 3030 274 3118 Georgius
297 3029 395 3095 Ualla
417 3029 467 3094 De
486 3032 590 3112 expet.
609 3032 642 3092 et
665 3028 732 3115 fug.
746 3030 844 3094 rebus
858 3028 948 3116 XIII,
962 3033 993 3095 4.
1029 3031 1129 3096 inter·

110 3138 330 3223 pretationem
352 3135 472 3201 Marini
492 3132 943 3224 Ghetuldi(Uenetiis1607)
966 3159 1033 3202 non
1051 3138 1127 3202 uidi.

111 3243 244 3309 Ninnius
278 3241 432 3330 (Serenus
460 3264 526 3307 von
552 3240 688 3308 Antissa
720 3243 800 3308 uber
828 3243 890 3308 den
914 3242 1043 3308 Schnitt
1071 3244 1127 3307 des

113 3348 296 3435 Cylinders‚
333 3348 504 3414 Strolsund
539 3349 637 3433 1860,
673 3347 782 3414 Ueber
814 3349 876 3414 den
909 3347 1040 3415 Schnitt
1072 3349 1128 3415 des

112 3454 248 3544 Kegels,
279 3455 356 3520 ibid.
382 3452 497 3542 1861),
530 3455 585 3538 qui
613 3455 789 3522 editionem
814 3457 953 3542 parabat
983 3456 1129 3523 collatio-

113 3582 233 3647 nesque
248 3561 396 3628 codicum
405 3560 649 3626 Monacensium
664 3567 697 3626 61
711 3561 997 3648 Norimbergensis
1012 3563 1129 3628 habuit
