2594 3878
171 204 233 268 148
478 205 565 254 ΠΕΡΙ
583 203 710 256 ΚΩΝΟΤ
728 205 863 258 ΤΟΜΗΣ.

169 352 253 413 ΗΚ·
286 351 395 432 μεῖζον
425 349 489 431 ἄρα
516 348 553 411 τὸ
581 345 644 411 ἀπὸ
672 351 737 411 ΒΘ
765 356 825 412 τοῦ
852 347 915 412 ἀπὸ
943 351 1028 412 ΗΚ·
1061 350 1181 432 μείζων

170 457 234 540 ἄρα
260 452 316 518 καὶ
344 454 363 537 ἤ
393 458 459 518 ΒΘ
486 462 544 536 τῆς
571 457 651 517 ΗΚ.
707 454 751 530 ὡς
780 451 817 518 δὲ
844 455 864 538 ἤ
891 458 957 519 ΒΘ
987 455 1070 540 πρὸς
1098 457 1181 536 ΗΚ,

173 561 278 636 οὕτως
299 563 337 625 τό
356 584 390 625 τε
412 560 478 625 ὑπὸ
497 564 572 643 ΒΘ,
591 565 656 624 ΑΛ
678 561 761 646 πρὸς
782 561 819 625 τὸ
842 560 907 625 ὑπὸ
926 565 1007 644 HK,
1026 565 1103 643 AZ,
1125 557 1182 624 καὶ

170 670 207 733 τὸ
229 668 331 752 ἤμισυ
358 668 442 754 πρὸς
470 668 507 731 τὸ
529 668 645 750 ἤμισυ,
679 665 827 732 τουτέστι
850 668 887 732 τὸ
910 671 1015 731 ΑΒΔ
1037 667 1120 753 πρὸς
1143 667 1181 730 τὸ

135 784 151 832 5
171 778 289 838 ΑΗΖ·
308 778 418 858 μεῖζον
433 776 497 858 ἄρα
511 775 548 839 τὸ
563 779 666 838 ΑΒΔ
684 783 744 838 τοῦ
759 778 874 858 ΑΗΖ,
892 771 947 838 καὶ
965 774 1005 838 τὰ
1023 773 1181 837 διπλάσια

171 881 208 944 τὸ
231 883 329 945 ΑΓΔ
355 889 415 945 τοῦ
440 885 547 944 ΑΕΖ.
593 879 714 964 δμοίως
742 881 783 964 δὴ
811 881 993 963 δείκνυται,
1021 879 1072 944 ὅτι
1098 879 1181 943 πάν-

171 1011 238 1052 των
265 998 332 1052 τῶν
363 986 529 1071 ἀνομοίων
560 990 669 1071 μειῖόν
698 986 767 1052 ἐστι
794 988 832 1052 τὸ
860 979 970 1051 ΑΓΛ·
1001 986 1080 1072 ὅπερ
1115 987 1183 1050 ἔδει

173 1093 285 1173 δεῖξαι.

652 1219 686 1282 ιδ
691 1216 708 1283 '.

122 1353 154 1401 10
244 1343 314 1407 Τὸν
342 1339 486 1406 δοθέντα
513 1353 622 1407 κῶνον
650 1341 771 1424 ὀρθόν,
804 1337 844 1406 οὗ
873 1341 891 1406 δ
919 1338 1006 1418 ἄξων
1038 1339 1183 1405 ἐλάττων

174 1447 242 1514 ἐστὶ
265 1458 323 1532 τῆς
351 1447 386 1512 ἐκ
409 1457 469 1512 τοῦ
492 1446 631 1533 κέντρου
659 1457 717 1532 τῆς
743 1447 883 1531 βάσεως,
914 1459 1024 1531 τεμεῖν
1046 1447 1102 1512 διὰ
1126 1456 1184 1530 τῆς

174 1563 323 1641 κορυφῆς
346 1553 499 1642 ἐπιπέδῳ,
524 1555 607 1620 ὥστε
629 1555 666 1618 τὸ
689 1556 865 1638 γινόμενον
886 1556 1051 1638 τρίγωνον
1074 1556 1183 1637 μεῖζον

175 1655 260 1724 εἶναι
287 1659 421 1724 πάντων
448 1670 516 1724 τῶν
539 1659 707 1743 ἀνομοίων
734 1659 823 1746 αὐτῷ
847 1658 883 1724 έν
905 1669 951 1746 τῷ
973 1657 1068 1748 κώνῳ
1092 1683 1184 1741 γινο-

176 1765 284 1851 μένων
307 1767 487 1851 τριγώνων.

123 1884 155 1933 15
241 1876 322 1938 έστω
348 1873 365 1939 δ
389 1871 504 1950 δοθεὶς
526 1884 632 1948 κῶνος
654 1872 767 1959 ὀρθός,
790 1867 830 1936 οὗ
853 1872 984 1958 κορυφὴ
1007 1867 1067 1955 μὲν
1084 1873 1122 1936 τὸ
1141 1878 1184 1954 Α,

176 1980 272 2063 βάσις
293 1977 331 2044 δὲ
353 1980 371 2045 ὁ
395 1979 471 2066 περὶ
494 1981 530 2044 τὸ
554 1984 582 2043 Β
606 1978 744 2065 κέντρον
767 1980 896 2062 κύκλος,
919 1976 1007 2055 ἄξων
1025 1975 1062 2042 δὲ
1080 1978 1098 2043 ὁ
1118 1983 1185 2042 ΑΒ

176 2087 319 2152 ἐλάττων
343 2087 390 2151 ὢν
413 2095 470 2169 τῆς
493 2086 529 2150 ἐκ
550 2094 610 2150 τοῦ
632 2083 771 2171 κέντρου
794 2094 852 2168 τῆς
870 2085 1005 2168 βάσεως,
1028 2082 1084 2149 καὶ
1107 2081 1186 2148 δέον

177 2195 258 2256 έστω
281 2204 390 2276 τεμεῖν
414 2194 475 2258 τὸν
496 2203 616 2275 κῶνον,
638 2193 683 2268 ὡς
705 2190 948 2278 προστέτακται.

242 2300 336 2383 ἤχθω
361 2300 398 2365 τὸ
422 2299 479 2362 διδ
501 2307 561 2363 τοῦ
584 2296 700 2375 ἄξονος
723 2298 878 2363 ἐπίπεδον
894 2306 1014 2363 ποιοῦν
1032 2299 1069 2362 τὸ
1087 2303 1119 2361 Α
1126 2300 1187 2361 ΓΔ

124 2417 159 2466 20
177 2408 356 2492 τρίγωνον·
385 2406 406 2490 ἤ
429 2410 495 2470 ΑΒ
525 2407 589 2492 ἄρα
611 2405 750 2481 κάθετος
773 2404 916 2469 ἐλάττων
939 2402 1007 2468 ἐστὶ
1029 2413 1087 2488 τῆς
1111 2408 1188 2468 ΒΛ.

177 2515 271 2597 ἤχθω
299 2513 335 2578 έν
358 2524 403 2603 τῷ
431 2523 491 2579 τοῦ
514 2514 637 2577 κύκλου
660 2509 801 2599 ἐπιπέδῳ
824 2521 863 2597 τῆ
887 2513 948 2576 ΓΒ
975 2513 1057 2598 πρὸς
1080 2511 1188 2597 ὀρθὰς

178 2620 292 2704 ἤΒΕ,
314 2619 369 2685 καὶ
392 2613 419 2707 ᾧ
442 2622 551 2703 μεῖζον
572 2619 610 2683 τὸ
631 2617 695 2683 ἀπὸ
713 2627 770 2702 τῆς
787 2621 854 2681 ΑΒ
877 2625 936 2681 τοῦ
956 2616 1019 2682 ἀπὸ
1039 2625 1096 2701 τῆς
1115 2621 1188 2699 ΒΑ,

178 2728 298 2792 τούτου
326 2729 427 2811 ἤμισυ
457 2730 539 2791 ἔστω
567 2727 604 2790 τὸ
627 2725 691 2791 ἀπὸ
714 2734 772 2808 τῆς
793 2728 876 2807 ΒΗ,
903 2721 958 2787 καὶ
986 2724 1042 2787 διδ
1068 2732 1129 2788 τοῦ
1152 2728 1193 2787 Η
1295 2709 1296 2722 ³

179 2833 388 2916 παράλληλος
410 2834 504 2916 ἤχθω
528 2843 568 2918 τῇ
592 2834 654 2896 ΓΔ
676 2832 696 2915 ἤ
721 2835 839 2915 ΖΗΘ,
860 2828 917 2894 καὶ
940 2828 1190 2912 ἐπεζεύχθωσαν

127 2940 410 3022 πακωαο

247 3042 316 3109 ἐπεὶ
345 3046 382 3110 τὸ
412 3044 475 3110 ἀπὸ
498 3049 578 3128 ΒΔ,
610 3042 757 3109 τουτέστι
784 3045 821 3108 τὸ
846 3043 909 3108 ἀπὸ
932 3047 1012 3127 ΒΘ,
1040 3051 1101 3107 τοῦ
1125 3042 1189 3108 ἀπὸ

181 3156 247 3216 ΒΑ
274 3154 383 3235 μεῖζόν
407 3150 474 3216 ἐστι
503 3150 581 3217 δυσὶ
607 3163 676 3228 τοῖς
698 3151 761 3216 ἀπὸ
784 3155 867 3235 ΒΗ,
899 3151 936 3215 τὸ
963 3146 1000 3214 δὲ
1028 3149 1092 3215 ἀπὸ
1116 3154 1194 3214 ΑΗ

254 3352 277 3400 1.
297 3345 353 3400 ἀπό
364 3345 451 3468 (mlv⁷

182 3423 301 3486 m.lc‚
325 3419 406 3471 ΑΕΖ
453 3458 459 3469 .
541 3422 564 3469 6,
583 3413 615 3468 τό
645 3422 694 3467 τοῦ
713 3431 735 3469 ο.
815 3415 946 3485 μ[ΑΓΔ]
965 3430 1033 3468 corr.
1053 3419 1191 3468 exABA

182 3507 218 3542 m.
239 3494 253 3540 1
274 3505 296 3542 ο.
369 3485 437 3553 ὅπερ
458 3483 515 3538 ἔδει
533 3486 623 3550 δεῖξαι
653 3502 706 3539 om.
724 3503 751 3554 p.
830 3489 871 3539 18.
890 3482 1102 3556 προστέτακται]
1121 3504 1191 3552 προ-

183 3556 311 3613 τέτακται
329 3575 352 3612 ο.
408 3563 450 3611 22.
471 3557 575 3628 μεῖζον]
594 3554 686 3624 μεῖζόν
700 3555 757 3610 ἐστι
769 3573 795 3624 p.
861 3561 902 3610 26.
922 3553 998 3626 ἐπεί]
1018 3555 1077 3609 ἐπεὶ
1091 3551 1144 3610 οὖν
1163 3575 1190 3626 p.

457 3361 485 3412 p,
504 3343 559 3398 ὑπό
578 3343 631 3398 Vc.
687 3349 710 3398 5.
730 3342 908 3414 AHz(alt.)]
926 3361 953 3412 p,
973 3359 1040 3397 corr.
1056 3346 1192 3397 evaEZ
