2574 3882
167 193 212 255 44
439 195 526 244 ΠΕΡΙ
543 194 759 246 ΚΤΛΙΝΔΡΟΤ
776 195 912 245 ΤΟΜΗΣ.

168 342 267 419 ληλος
289 346 328 422 τῇ
351 347 447 422 κοινῇ
470 346 553 422 τομῇ
575 347 643 402 τῶν
662 335 826 402 ἐπιπέδων
844 337 865 420 ἡ
886 341 961 401 ΖΘ·
989 339 1100 400 πίπτει
1119 337 1179 420 ἄρα

167 443 188 526 ἡ
214 448 277 507 ΖΘ
300 442 353 508 ἐπὶ
376 445 437 527 τὴν
455 447 534 526 ΕΗ,
558 445 603 536 ὡς
626 443 769 527 ἐδείχθη.
808 443 892 526 λέγω
917 445 970 527 δή,
993 443 1043 508 ὅτι
1062 443 1099 506 τὸ
1118 442 1180 506 ὑπὸ

168 560 235 613 τῶν
254 554 334 633 ΕΘ,
355 554 427 614 ΘΗ
445 551 528 636 πρὸς
550 551 587 614 τὸ
612 549 675 614 ἀπὸ
698 560 756 634 τῇς
779 554 843 614 ΖΘ
866 553 967 633 λόγον
985 552 1060 634 ἔχει,
1084 548 1123 613 ὃν
1144 549 1180 612 τὸ

170 655 233 720 ἀπὸ
263 665 321 740 τῇς
349 659 424 721 ΕΗ
447 654 626 741 διαμέτρου
653 658 736 742 πρὸς
762 658 799 722 τὸ
827 655 891 722 ἀπὸ
919 665 977 740 τῇς
1006 654 1181 740 διαμέτρου

134 775 150 821 5
169 771 227 846 τῇς
249 763 384 846 βάσεως.

235 871 330 953 ἤχθω
354 870 410 934 διὰ
432 878 492 934 τοῦ
518 874 546 933 Θ
568 870 777 955 παράλληλος
799 879 839 955 τῇ
863 872 928 933 ΓΑ
950 868 970 952 ἡ
993 872 1108 952 ΚΘΛ,
1130 865 1183 933 καλ

169 976 225 1040 διὰ
244 987 311 1042 τῶν
326 981 399 1060 ΖΘ,
414 979 483 1040 ΚΛ
497 976 639 1042 εὐθειῶν
658 978 753 1061 ἤχθω
773 975 928 1040 ἐπίπεδον
946 978 1050 1060 τομὴν
1063 984 1184 1040 ποιοῦν

168 1084 229 1167 τὴν
256 1086 368 1148 ΚΖΛ.
414 1081 484 1148 ἐπεὶ
512 1079 574 1149 οὖν
597 1083 617 1167 ἡ
640 1080 701 1167 μὲν
724 1087 793 1147 ΚΛ
815 1093 854 1168 τῇ
879 1085 944 1147 ΓΑ
965 1083 1185 1168 παράλληλος,

168 1189 188 1273 ἡ
212 1186 249 1254 δέ
274 1195 337 1254 ΖΘ
355 1198 395 1274 τῇ
417 1200 513 1276 κοινῇ
536 1199 619 1275 τομῇ
638 1201 705 1254 τῶν
724 1188 888 1255 ἐπιπέδων
907 1191 989 1274 οὔσῃ
1009 1188 1046 1253 έν
1064 1198 1110 1276 τῇ
1129 1198 1187 1271 τῇς

116 1308 149 1356 10
168 1296 296 1378 βάσεως
321 1294 478 1384 ἐπιπέδῳ,
506 1295 562 1360 καὶ
586 1298 626 1360 τὰ
650 1294 695 1361 δι’
721 1296 832 1360 αὐτῶν
855 1297 919 1380 ἄρα
944 1294 1080 1360 ἐπίπεδα
1103 1317 1185 1381 παρ-

169 1401 294 1483 άλληλοί
320 1399 422 1465 ἐστιν·
455 1401 475 1484 ἡ
500 1406 603 1466 ΚΖΛ
626 1404 690 1488 έλρα
713 1404 795 1486 τομῇ
818 1403 939 1478 κύκλος
962 1401 1039 1466 ἐστί.
1085 1402 1188 1466 πάλιν

169 1504 238 1570 ἐπεὶ
266 1507 475 1592 παράλληλός
503 1507 593 1572 ἐστιν
619 1507 639 1590 ἡ
667 1505 727 1592 μέν
755 1512 823 1573 ΚΛ
846 1519 885 1594 τῇ
910 1511 989 1592 ΓΑ,
1016 1507 1036 1590 ἡ
1061 1505 1098 1572 δέ
1123 1512 1187 1572 ΖΘ

168 1621 207 1696 τῇ
235 1623 330 1698 κοινῇ
358 1624 441 1700 τομῇ
468 1626 536 1679 τῶν
564 1613 728 1680 ἐπιπέδων
754 1616 837 1701 πρὸς
865 1614 971 1701 ὀρθὰς
996 1615 1079 1698 οὕσῇ
1102 1615 1188 1700 πρὸς

167 1719 229 1801 τὴν
253 1721 328 1802 ΓΑ,
350 1718 405 1784 καὶ
429 1719 448 1803 ἡ
475 1725 538 1785 ΖΘ
560 1723 624 1806 ἄρα
642 1722 725 1806 πρὸς
744 1721 851 1807 ὀρθάς
869 1721 936 1786 έστι
956 1731 995 1806 τῇ
1014 1723 1092 1784 ΚΛ.
1130 1723 1189 1783 καί

115 1839 148 1888 15
168 1823 236 1889 ἐστι
263 1826 384 1903 κύκλος
412 1826 429 1892 ὁ
458 1830 574 1892 ΚΖΛ·
602 1829 639 1893 τὸ
669 1830 733 1913 ἄρα
761 1828 825 1892 ἀπὸ
849 1837 906 1911 τῆς
930 1831 994 1891 ΖΘ
1018 1833 1092 1891 λσου
1116 1824 1188 1890 ἐστὶ

167 1941 212 2020 τῷ
235 1932 300 1998 ὑπὸ
324 1943 392 1999 τῶν
415 1937 496 2018 ΚΘ,
522 1939 595 2000 ΘΛ.
637 1933 706 1999 ἐπεὶ
728 1934 749 2017 ἡ
772 1938 841 1999 ΚΕ
861 1944 900 2020 τῇ
924 1937 1000 1998 ΛΗ
1017 1931 1187 2018 παράλλη-
1270 2007 1271 2010 ¹

167 2042 224 2114 λός
247 2039 347 2122 ἐστιν,
372 2040 416 2116 ὡς
439 2042 504 2127 ἄρα
526 2040 546 2124 ἡ
570 2045 638 2106 ΚΘ
660 2042 744 2125 πρὸς
766 2043 827 2126 τὴν
848 2045 923 2124 ΘΛ,
947 2040 1053 2116 οὕτως
1075 2039 1095 2122 ἡ
1119 2044 1188 2104 ΕΘ

166 2146 250 2230 πρὸς
272 2148 333 2230 τὴν
359 2150 438 2210 ΘΗ·
463 2148 500 2211 τὸ
524 2149 588 2233 ἄρα
610 2147 676 2212 ὑπὸ
699 2158 766 2212 τῶν
786 2152 866 2231 ΕΘ,
888 2151 960 2211 ΘΗ
980 2147 1096 2231 ὅμοιόν
1115 2144 1186 2210 έστι

167 2261 212 2339 τςό
230 2251 296 2317 ὑπὸ
315 2256 396 2337 ΚΘ,
418 2257 491 2317 ΘΛ.
529 2253 574 2330 ὡς
597 2255 661 2340 ἄρα
685 2254 721 2318 τὸ
742 2252 808 2318 ὑπὸ
826 2265 893 2318 τῶν
912 2258 992 2338 ΕΘ,
1014 2257 1087 2318 ΘΗ
1100 2253 1186 2340 πρὸς
1274 2247 1275 2290 λ

114 2372 148 2421 20
166 2360 204 2424 τὸ
227 2358 293 2424 ὑπὸ
316 2370 383 2424 τῶν
401 2363 482 2444 ΚΘ,
504 2363 583 2444 ΘΛ,
607 2357 756 2425 τουτέστι
778 2361 861 2446 πρὸς
884 2361 920 2424 τὸ
945 2359 1008 2424 ἀπὸ
1029 2364 1103 2444 ΖΘ,
1127 2360 1184 2425 οῧ-

167 2489 231 2544 τως
253 2468 290 2532 τὸ
314 2466 377 2532 ἀπὸ
401 2475 459 2552 τῇς
479 2471 553 2532 ΕΗ
572 2464 750 2552 διαμέτρου
773 2467 857 2552 πρὸς
879 2467 916 2530 τὸ
940 2465 1003 2531 ἀπὸ
1027 2475 1085 2550 τῇς
1105 2470 1184 2549 ΚΛ,

166 2572 315 2639 τουτέστι
338 2575 421 2660 πρὸς
443 2575 481 2639 τὸ
505 2572 569 2639 ἀπὸ
592 2582 650 2657 τῇς
673 2571 850 2658 διαμέτρου
874 2581 931 2656 τῇς
953 2571 1088 2655 βάσεως.

652 2765 702 2832 ιε’.

231 2888 278 2954 Ἡ
306 2891 362 2955 διὰ
392 2899 450 2973 τῇς
480 2892 670 2975 διχοτομίας
701 2900 759 2975 τῇς
791 2890 969 2978 διαμέτρου
998 2901 1055 2976 τῇς
1082 2901 1187 2976 τομῇς

113 3009 147 3059 25
167 2995 372 3081 τεταγμένως
386 2995 529 3081 ἀγομένη
545 2997 581 3062 έν
595 3008 634 3084 τῇ
648 3006 730 3082 τομῇ
746 2997 883 3083 δευτέρα
896 2997 1070 3085 διάμετρος
1084 3000 1187 3062 έσται.

234 3106 316 3169 έστω
345 3104 408 3189 γὰρ
436 3113 494 3188 τῇς
520 3109 629 3169 ΕΖΗ
652 3113 753 3189 τομῇς
781 3103 955 3190 διάμετρος
983 3105 1003 3188 ῇ
1031 3108 1105 3168 ΕΗ
1128 3101 1186 3168 καὶ

167 3213 244 3298 δίχα
257 3213 431 3296 τετμήσθω
445 3211 579 3276 κατὰτὸ
597 3216 635 3295 Θ,
654 3209 709 3275 καὶ
724 3212 853 3296 διήχθω
868 3209 888 3293 ἡ
905 3214 1021 3274 ΖΘΜ
1031 3208 1186 3294 τεταγμέ-

166 3343 242 3396 νως.
267 3317 399 3401 λέχω,’
381 3341 431 3382 οτι
450 3317 470 3400 ἡ
487 3322 560 3383 ΖΜ
577 3316 715 3404 δευτέρα
730 3316 904 3402 διαμετρός
918 3316 986 3381 έστι
1001 3325 1058 3401 τῇς
1072 3325 1186 3401 τομῆς.

239 3471 426 3546 2.δη’]δέο
499 3474 645 3564 τό]ρ,τῶ
663 3473 717 3527 Vc
790 3472 1100 3543 4,.)ἀπό(ωλδ]διολ.ο
1158 3480 1186 3528 6

170 3546 316 3616 Θ]ηΘο.
390 3551 431 3599 11.
452 3544 579 3599 ἐστιν-
598 3527 709 3613 κυκλος]
730 3560 828 3612 omp.
903 3550 944 3598 16.
965 3542 1036 3614 ἐπεί]
1056 3544 1115 3613 Vc
1134 3545 1187 3598 καὶ
