2574 3882
143 196 185 258 74
411 195 499 245 ΠΕΡΙ
516 192 731 244 ΚΤΔΙΝΔΡΟΤ
747 192 885 243 vom.

140 341 224 426 πρὸς
250 340 288 402 τὸ
312 337 376 403 ἀπὸ
399 347 457 420 τῆς
478 341 641 419 συζυγοῦς
664 333 859 419 διαμέτρου,
885 333 967 420 φέρε
989 345 1049 418 τῆς
1072 339 1163 400 ΣΩ·

141 447 187 522 ὡς
208 447 273 530 ἀρα
295 447 332 508 τὸ
356 444 420 509 ἀπὸ
442 453 501 527 τῆς
524 443 589 516 ΟΞ
606 444 691 527 πρὸς
711 443 750 507 τὸ
773 441 838 506 ἀπὸ
861 451 920 524 τῆς
940 446 1027 524 ΦΨ,
1051 443 1164 519 οὕτως

139 555 178 618 τὸ
200 551 265 617 ἀπὸ
287 561 346 634 τῆς
367 554 442 616 ΝΤ
459 552 543 635 πρὸς
564 551 602 614 τὸ
625 549 690 614 ἀπὸ
713 558 771 631 τῆς
789 552 869 612 ΣΩ.
905 547 963 612 καὶ
985 549 1031 626 ὡς
1054 550 1075 633 ἡ
1096 549 1168 622 ΟΞ

141 663 206 745 ἀρα
227 660 311 744 πρὸς
328 659 389 741 τήν
409 662 485 721 ΦΨ
499 661 622 739 συζυγῆ
641 657 829 740 διάμετρον,
852 655 959 731 οὕτως
976 653 1033 719 καὶ
1051 657 1073 739 ή
1092 661 1169 722 ΝΤ

107 778 124 826 5
141 767 225 852 πρὸς
246 766 308 848 τήν
325 767 396 828 ΣΩ
414 766 538 846 συζυγη
558 762 745 848 διάμετρον.
781 763 832 826 ὅτι
851 758 889 825 δὲ
906 760 962 826 καὶ
980 764 1066 846 πρὸς
1084 769 1164 840 ἴσας

140 877 263 956 γωνίας
289 870 467 956 τέμνουσιν
493 871 514 952 ἥ
541 893 576 934 τε
603 869 669 942 ΟΞ
692 870 754 952 τήν
778 872 858 932 ΦΨ
878 867 934 932 καὶ
957 869 977 952 ή
1001 873 1077 933 ΝΤ
1095 872 1163 953 τήν

139 983 226 1062 ΣΩ,
253 980 369 1062 δῆλον·
400 977 459 1052 τὰς
485 977 549 1060 γὰρ
582 979 671 1056 ΨΦ,
694 978 768 1039 ΩΣ
791 978 1026 1060 παραλλήλους
1053 977 1163 1053 οὔσας

139 1085 296 1168 ἀλλήλαις
321 1108 357 1148 τε
383 1081 439 1147 καὶ
461 1093 500 1167 τῇ
523 1081 636 1164 ΜΡή
660 1085 737 1146 Mo
758 1079 877 1164 τέμνει.
921 1081 942 1163 ή
965 1083 1031 1166 ἀρα
1054 1083 1166 1156 ΟΦΞ

139 1194 221 1277 τομὴ
245 1201 284 1275 τῇ
307 1195 346 1255 Ν
349 1194 419 1255 ΣΤ
436 1198 519 1273 τομῇ
541 1189 639 1273 ὁμοία
662 1187 740 1252 ἐστί.
776 1186 832 1252 καὶ
854 1189 917 1252 οὔκ
940 1187 1009 1252 ἐστι
1032 1190 1161 1266 κύκλος

88 1312 122 1361 10
140 1296 297 1382 οὐδετέρα
320 1297 431 1361 αὐτῶν
449 1297 506 1360 διὰ
524 1297 562 1359 τὸ
580 1297 625 1378 μὴ
643 1295 846 1359 ὑπεναντίαν
864 1289 951 1359 εἶναι
969 1297 1032 1378 τὴν
1049 1298 1161 1380 τομὴν

138 1414 197 1486 τῆς
218 1404 283 1467 ὑπὸ
306 1413 375 1466 τῶν
397 1406 479 1483 ΔΒ,
502 1406 565 1466 ΒΖ
588 1405 721 1484 γωνίας,
743 1399 893 1465 τουτέστι
916 1411 975 1484 τῆς
996 1401 1061 1466 ὑπὸ
1085 1414 1162 1468 τῶν

138 1513 213 1591 ΒΤ,
233 1513 308 1590 ΤΝ,
326 1507 445 1572 ἀνίσου
464 1508 566 1590 οὔσης
583 1518 623 1592 τῇ
641 1507 706 1572 ὑπὸ
730 1519 798 1571 τῶν
816 1511 888 1590 ΒΓ,
904 1511 978 1572 ΓΔ.
1010 1511 1163 1587 ἔλλειψις

138 1619 202 1701 ἀρα
226 1612 317 1679 ἐστὶν
339 1611 474 1698 ἑκατέρα
497 1625 564 1677 τῶν
588 1613 699 1696 ΟΦΞ,
715 1619 754 1678 Ν
761 1618 827 1678 ΤΣ
845 1625 966 1698 τομῶν,
989 1619 1048 1680 καί
1067 1618 1162 1682 εἰσιν

139 1724 250 1806 ὅμοιαι
273 1719 443 1802 ἀλλήλαις·
466 1720 546 1805 ὅπερ
570 1721 637 1784 ἔδει
659 1718 773 1797 δείξαι.

86 1931 119 1978 15
611 1915 675 1980 κδ’.

204 2043 398 2126 Κυλίνδρου
439 2039 600 2115 δοθέντος
641 2040 752 2126 εὑρεῖν
792 2052 903 2106 κῶνον
943 2040 999 2106 καὶ
1040 2054 1158 2126 τεμεῖν

137 2147 344 2233 ἀμφοτέρους
375 2145 426 2211 ἑνὶ
458 2145 599 2233 ἐπιπέδῳ
631 2156 784 2212 ποιοῦντι
816 2149 872 2212 διὰ
901 2157 960 2231 τῆς
986 2159 1087 2233 τομῆς
1114 2149 1158 2214 ἐν

137 2252 277 2341 ἑκατέρῳ
300 2253 415 2338 ὁμοίας
438 2252 605 2330 ἐλλείψεις.

204 2361 357 2426 δεδόσθω
380 2361 573 2445 κύλινδρος,
596 2355 638 2424 οὗ
659 2358 757 2443 βάσις
778 2357 840 2444 μὲν
862 2361 880 2426 ὁ
900 2368 932 2426 A
954 2363 1089 2444 κύκλος,
1113 2365 1156 2428 τὸ

86 2480 121 2530 20
138 2465 176 2535 δὲ
207 2469 263 2533 διδ
294 2477 355 2533 τοῦ
386 2465 504 2545 ἀξονος
533 2470 878 2553 παραλληλόγραμμον
909 2469 947 2533 τὸ
975 2473 1004 2532 Β
1011 2472 1043 2534 Γ
1068 2470 1158 2554 πρὸς

137 2576 244 2662 ὀρθὰς
271 2575 311 2640 δν
337 2585 376 2661 τῇ
404 2575 512 2658 βάσει,
545 2571 600 2638 καὶ
627 2573 838 2657 ἐκβεβλήσθω
866 2575 887 2658 ἡ
914 2579 994 2658 ΒΑ,
1026 2585 1087 2640 τοῦ
1114 2574 1157 2642 δὲ

138 2680 337 2766 ζητουμένου
371 2683 481 2747 κώνου
513 2679 610 2764 βάσις
639 2683 721 2746 ἔστω
753 2682 827 2764 ήτοι
860 2681 879 2746 ὁ
912 2689 944 2746 Α
970 2683 1096 2769 ,κύκλος
1130 2683 1156 2768 ἢ

136 2787 192 2854 καὶ
218 2791 318 2865 ἀλλος
343 2811 394 2865 τις
421 2788 458 2853 έν
484 2797 530 2875 τῷ
555 2789 646 2874 αὐτῷ
674 2786 816 2875 ἐπιπέδῳ
840 2797 886 2875 τῷ
909 2795 956 2871 Α,
979 2780 1053 2854 οἷον
1075 2789 1156 2872 περὶ

137 2896 198 2977 τήν
225 2899 289 2958 ΕΖ
316 2894 508 2980 διάμετρον,
536 2893 589 2978 ἐφ’
619 2889 658 2977 ής
684 2893 824 2980 κέντρον
851 2896 889 2959 τὸ
912 2901 959 2978 Δ,
987 2894 1043 2960 καὶ
1066 2901 1154 2980 ληφ-

84 2996 257 3076 καθέντος
279 3003 415 3084 σημείου
437 3003 595 3084 τυχόντος
618 2999 670 3065 ε’πλ
693 3011 751 3085 τῆς
770 3006 842 3066 ΖΗ
860 3011 920 3066 τοῦ
938 3005 979 3066 Η
997 3005 1152 3086 εἰλήφθω

209 3233 233 3281 1.
253 3224 333 3300 φέρε]
352 3245 406 3282 om.
425 3246 452 3297 p.
517 3218 910 3324 ἳ.ΟΞ]τρ,ρξΤ,ύξο.
965 3232 1151 3303 ΦΨ]ΦΧρ.

172 3340 196 3390 4.
219 3336 290 3406 ΦΨ]
308 3339 365 3389 ΧΦ
382 3354 409 3405 p.
474 3335 561 3398 οὕτως
578 3333 643 3408 καί]
662 3353 716 3391 om.
735 3355 762 3406 p.
828 3343 852 3391 6.
873 3339 944 3409 ΦΨ]
965 3340 1023 3391 ΦΧ
1037 3355 1064 3406 p.
1126 3343 1151 3393 7.

142 3410 206 3475 ΨΦ,
225 3407 298 3479 αΣ]
319 3410 381 3477 QX,
397 3409 453 3461 Σο
471 3426 498 3476 p.
562 3411 586 3461 8.
606 3409 681 3479 Mo]
702 3411 770 3464 OM
781 3427 808 3478 p.
873 3415 916 3464 11.
935 3417 990 3463 εει
1009 3414 1071 3476 ΑΒ,
1087 3411 1152 3481 ΒΖ]

136 3482 258 3547 ABZp.
312 3488 368 3534 τῶν
383 3483 444 3546 ΒΤ,
463 3480 535 3550 ΤΝ]
555 3481 691 3568 BTNp.
747 3486 788 3534 12.
807 3489 863 3534 τῶν
878 3485 939 3548 ΒΓ,
954 3481 1015 3551 ΓΔ]
1031 3484 1109 3534 ΒΓΔ
1122 3499 1153 3550 p.

173 3554 214 3602 13.
235 3553 268 3602 Ν
274 3552 342 3621 ΤΣ]
363 3553 396 3604 Ν
398 3553 457 3604 ΣΤ
470 3568 497 3619 p.
589 3554 631 3604 14.
656 3568 725 3618 οπερ
745 3550 802 3605 ἔδει
820 3551 922 3623 δεῖξαι]
942 3568 996 3606 om.
1015 3569 1042 3620 p.
