2594 3878
167 238 230 303 164
474 242 562 296 ΠΕΡΙ
579 241 708 293 Κααου
726 242 863 294 ΤομΗΣ,

164 388 265 466 λόγον
293 386 379 466 ἔχειν
405 384 488 470 ἥπερ
516 385 577 468 τὴν
605 389 671 448 BA
698 385 782 470 πρὸς
806 386 881 448 ΑΓ.
928 380 1025 466 λέγω,
1057 379 1109 445 ὅτι
1138 380 1176 445 τὸ

164 496 264 556 ΔΕΖ
288 493 452 576 τρίγωνον
477 493 612 555 ἔλαττόν
636 490 703 556 ἐστι
726 499 786 555 τοῦ
810 493 917 554 ΑΒΓ.

232 594 300 662 έκεὶ
333 598 396 682 γὰρ
429 598 466 662 αἱ
495 600 568 680 BF,
591 602 655 662 ΕΖ
692 603 761 662 ἴσαι
792 595 830 661 τέ
859 599 923 661 εἰσι
954 593 1010 660 καὶ
1041 596 1088 671 εἰς
1121 600 1177 659 ἴσα

165 703 350 790 διῄρηνται,
373 706 442 769 ἔστι
465 701 502 768 δὲ
524 701 580 768 καὶ
602 703 622 786 ἡ
641 708 718 768 ΑΗ
736 713 775 788 τῇ
797 709 830 768 Δ
838 707 866 767 Θ
890 709 954 786 ἴση,
976 699 1031 767 καὶ
1054 702 1094 765 τὰ
1118 699 1175 765 ἀπ’

131 820 146 868 5
166 811 277 875 αὐτῶν
299 812 363 895 ἄρα
387 815 442 874 ἴσα
466 808 548 873 έστί·
580 811 620 873 τὰ
643 812 707 896 ἄρα
730 808 795 874 ἀπὸ
817 813 901 892 ΒΗ,
920 813 994 874 ΗΓ
1013 809 1093 894 μετὰ
1115 817 1178 873 τοῦ

165 915 218 993 δὶς
245 915 308 982 αἰτιὸ
337 920 414 980 ΑΗ
440 927 511 992 τοῖς
538 914 601 981 ἀπὸ
629 921 704 1000 ΕΘ,
731 920 793 980 ΘΖ
824 917 904 1001 μετὰ
935 925 995 980 τοῦ
1028 913 1081 992 δὶς
1112 914 1178 979 ἀπὸ

168 1027 229 1087 ΘΔ
253 1028 308 1087 ἴσα
331 1021 428 1088 έστίν.
466 1021 549 1086 ἀλλὰ
571 1034 641 1100 τοῖς
663 1022 724 1106 μὲν
746 1021 810 1088 ἀπὸ
830 1026 908 1106 ΒΗ,
926 1025 1000 1087 ΗΓ
1018 1022 1098 1106 μετὰ
1116 1030 1178 1085 τοῦ

166 1127 218 1206 δὶς
246 1127 309 1194 οάιὸ
333 1132 410 1193 ΑΗ
433 1134 489 1193 ἶσα
518 1126 586 1193 ἐστὶ
613 1129 654 1193 τδι
681 1128 745 1194 ἀπὸ
773 1134 853 1213 BA,
872 1133 954 1194 AF·
986 1138 1085 1194 τοῦτο
1112 1130 1178 1210 γδρ

167 1235 314 1319 ἐδείχθη·
343 1246 412 1311 τοῖς
435 1231 472 1299 δὲ
496 1233 559 1300 ἀπὸ
582 1239 658 1318 ΕΘ,
679 1239 741 1300 ΘΖ
764 1237 844 1320 μετδι
867 1244 927 1300 τοῦ
950 1232 1003 1312 δὶς
1025 1235 1089 1300 ἀπὸ
1115 1239 1179 1299 ΘΔ

115 1354 148 1403 10
169 1349 224 1407 ἴσα
247 1339 315 1406 ἐστὶ
337 1342 377 1405 τδι
400 1340 464 1405 ἀπὸ
487 1346 565 1424 ΕΛ,
583 1346 664 1405 ΔΖ·
695 1340 751 1406 καὶ
774 1343 1028 1428 συναμφότερον
1053 1343 1117 1427 ἄρα
1140 1342 1178 1406 τὸ

168 1448 231 1513 οάιδ
250 1452 322 1530 BA,
337 1450 407 1511 AF
426 1447 664 1536 συναμφοτέρῳ
683 1458 728 1536 τῷ
748 1448 812 1514 ιἰκδ
830 1454 907 1533 ΕΔ,
921 1454 954 1513 Λ
961 1453 988 1512 Ζ
1007 1455 1081 1513 ἴσον
1101 1446 1178 1512 ἐστι’.

167 1553 222 1619 καὶ
246 1551 314 1619 ἐπεὶ
337 1553 358 1637 ἡ
382 1558 451 1618 ΕΔ
478 1555 561 1639 πρὸς
583 1562 616 1620 A
624 1560 651 1619 Z
678 1558 809 1639 μείζονα
832 1557 933 1637 λόγον
960 1557 1025 1638 ἔχει
1052 1556 1134 1640 ἤπερ
1158 1553 1178 1636 ἡ

168 1666 236 1726 BA
258 1661 341 1744 πρὸς
363 1663 437 1743 AF,
466 1658 521 1724 καὶ
543 1662 581 1725 τὸ
604 1663 669 1747 ἄρα
692 1661 755 1726 ἀπὸ
778 1669 837 1745 τῆς
859 1667 926 1726 ΕΔ
948 1663 1031 1748 πρὸς
1053 1663 1091 1726 τὸ
1114 1660 1178 1726 ἀπὸ

168 1777 226 1851 τῆς
243 1773 276 1833 Δ
283 1773 310 1832 Ζ
333 1771 465 1852 μείζονα
488 1770 588 1850 λόγον
611 1771 676 1852 ἔχει
698 1769 780 1853 ἥπερ
803 1769 841 1832 τὸ
865 1767 929 1834 ἀπὸ
948 1773 1014 1833 BA
1036 1768 1119 1853 πρὸς
1142 1769 1179 1832 τὸ

118 1885 150 1934 15
170 1874 233 1940 αἰτιὸ
262 1877 335 1939 AF.
390 1873 459 1940 ἐπεὶ
491 1870 553 1940 οὖν
586 1875 647 1939 δύο
676 1881 758 1940 ἴσων
785 1881 937 1959 μεγεθῶν
965 1883 1025 1939 τοῦ
1052 1897 1087 1938 τε
1115 1873 1178 1938 ἀπὸ

170 1980 423 2067 συναμφοτέρου
442 1991 500 2065 τῆς
513 1986 588 2064 BA,
603 1985 673 2046 AF
688 1979 744 2046 καὶ
761 1991 821 2046 τοῦ
841 1980 905 2046 ἀπὸ
925 1979 1179 2065 συναμφοτέρου

170 2096 228 2170 τῆς
247 2093 324 2170 ΕΛ,
342 2094 375 2152 Δ
382 2093 409 2152 Ζ
431 2091 469 2153 τὸ
492 2091 602 2172 μεῖζον
624 2097 733 2172 τμῆμα
755 2089 838 2173 πρὸς
859 2089 897 2153 τὸ
917 2091 1062 2171 ἔλαττον,
1084 2110 1180 2152 τουτ-

170 2190 239 2256 έστι
261 2193 298 2256 τὸ
322 2191 385 2257 ἀπὸ
404 2198 471 2257 ΕΛ
493 2195 576 2277 πρὸς
598 2196 635 2258 τὸ
659 2193 723 2258 οάτὸ
741 2200 774 2258 Δ
781 2199 818 2278 Ζ,
841 2198 972 2278 μείζονα
996 2198 1096 2277 λόγον
1116 2197 1181 2278 ἔχει

169 2300 252 2386 ἥκερ
284 2299 322 2363 τὸ
354 2307 414 2363 τοῦ
448 2305 566 2364 λοιποῦ
598 2310 707 2384 τμῆμα
738 2302 821 2386 πρὸς
852 2303 889 2366 τὸ
917 2303 1035 2366 λοιπὸν
1062 2310 1181 2386 τμῆμα,

118 2418 152 2466 20
170 2403 320 2470 τουτέστι
347 2407 385 2470 τὸ
414 2405 477 2471 ἀπὸ
501 2411 568 2470 BA
594 2409 678 2492 πρὸς
704 2409 741 2472 τὸ
769 2407 833 2472 ἀπὸ
856 2413 889 2472 Α
896 2411 933 2492 Γ,
964 2409 1001 2472 τὸ
1029 2405 1090 2491 μὲν
1118 2410 1183 2494 ἄρα

171 2512 235 2577 ιἰκὸ
258 2517 325 2577 ΕΔ
352 2512 508 2597 μέγιστον
538 2513 578 2578 δν
600 2517 710 2597 μεῖζόν
733 2513 823 2578 έστιν
846 2512 1001 2599 ἑκατέρου
1026 2526 1093 2579 τῶν
1117 2514 1182 2580 ἀπὸ

171 2624 252 2704 BA,
271 2623 345 2704 AF,
375 2621 412 2685 τὸ
437 2618 474 2686 δὲ
498 2620 561 2686 ἀπὸ
585 2626 652 2686 ΛΖ
675 2621 846 2705 ἐλάχιστον
869 2619 909 2685 δν
931 2624 1068 2686 ἔλαττόν
1090 2621 1183 2687 ἐστιν

172 2724 326 2811 ἑκατέρου
349 2738 416 2794 τῶν
440 2728 504 2793 ἀπὸ
524 2733 596 2811 BA,
615 2732 685 2793 AF
704 2728 760 2792 διδ
782 2736 842 2792 τοῦ
864 2729 928 2813 πρὸ
951 2730 1073 2793 τούτου
1095 2736 1183 2794 θεω-

172 2835 326 2918 ρήματος·
358 2832 414 2898 καὶ
441 2833 461 2916 ἡ
485 2831 545 2918 μὲν
567 2839 636 2898 ΕΛ
663 2836 727 2918 ἄρα
751 2831 904 2918 ἑκατέρας
931 2845 998 2899 τῶν
1021 2839 1098 2919 BA,
1118 2840 1189 2901 AF

119 2949 153 2998 25
172 2941 290 3022 μείζων
309 2938 408 3023 ἐστίν,
428 2941 448 3024 ἡ
468 2937 505 3004 δὲ
518 2945 585 3004 ΔΖ
604 2939 757 3026 ἑκατέρας
774 2951 841 3005 τῶν
856 2945 928 3024 ΒΑ,
942 2945 1013 3006 AF
1029 2941 1184 3008 ἐλάττων.

172 3043 189 3109 ὁ
214 3045 277 3130 ἄρα
295 3043 420 3133 κέντρμ
440 3043 501 3130 μὲν
519 3056 564 3134 τῷ
579 3051 618 3130 B,
641 3047 837 3131 διαστήματι
860 3043 896 3110 δέ
914 3056 960 3134 τῷ
980 3053 1040 3136 έσςο
1059 3059 1099 3136 τῇ
1117 3055 1185 3114 ΕΛ

172 3153 381 3236 γραφόμενος
403 3153 525 3228 κύκλος
551 3153 781 3239 ὑπερκεσεϊται
803 3155 864 3237 τὴν
887 3158 968 3218 BA·
1000 3156 1184 3240 γεγράφθω

172 3257 291 3322 δΚΛ·
315 3255 369 3322 καὶ
393 3257 410 3324 δ
434 3257 560 3347 κέντρφ
583 3256 644 3344 μὲν
661 3269 707 3348 τῷ
729 3263 764 3344 Γ,
788 3261 982 3344 διαστήματι
1001 3256 1038 3324 δὲ
1056 3271 1102 3350 τῷ
1123 3268 1184 3350 ἴσῳ

174 3372 213 3448 τῇ
236 3369 269 3428 Δ
276 3369 302 3428 Ζ
326 3367 536 3451 γραφόμενος
558 3367 678 3442 κύκλος
700 3378 790 3451 τεμεῖ
811 3369 871 3450 τὴν
894 3370 976 3431 AF·
1002 3368 1186 3454 γεγράφθω

245 3525 269 3574 5.
289 3520 358 3591 ἀπό]
377 3520 434 3575 ἀπὸ
453 3529 509 3575 τῶν
526 3539 554 3591 p,
573 3525 605 3576 ut
623 3538 738 3591 semper.
798 3527 821 3576 7.
843 3525 905 3595 ΘΔ]
920 3526 977 3578 ΔΘ
993 3542 1021 3592 p.
1077 3530 1101 3578 9.
1123 3527 1186 3598 ΘΔ]

174 3592 232 3644 ΔΘ
249 3608 276 3659 p.
351 3597 391 3645 11.
411 3591 468 3645 ἀπό
483 3594 669 3663 (utrumque)]
688 3593 745 3646 ἀιιδ
763 3600 812 3662 τῆς
829 3611 856 3662 p.
936 3599 977 3649 12.
996 3595 1014 3664 ἡ
1035 3600 1084 3648 BA
1103 3597 1186 3668 πρός]
