2594 3878
406 245 456 294 DE
476 243 651 296 SECTIONE
671 245 848 298 OYLlNDRI.
1091 242 1133 306 99

567 457 683 522 XXIX.

187 598 308 663 Rectae
338 599 378 663 ab
408 601 520 664 eodem
547 604 669 684 puncto
698 599 900 683 superficiem
924 600 1133 684 cylindricam

120 707 349 790 contingentes
374 706 414 770 ab
437 711 575 790 utraque
597 711 690 791 parte
710 728 821 772 omnes
840 728 898 791 per
916 707 1019 770 latera
1036 707 1132 771 unius

118 812 417 897 parallelogrammi
441 813 644 898 contingunt.

187 919 230 982 sit
255 919 433 1004 cylindrus,
460 920 551 984 cuius
575 921 670 984 bases
695 919 760 983 sint
784 919 897 984 circuli
921 924 967 1002 A,
996 924 1039 1002 Β,
1063 921 1132 984 axis

2 1045 3 1054 ¹
118 1029 228 1089 autem
260 1030 349 1090 recta
381 1030 462 1109 ΑΒ,
499 1031 532 1090 et
565 1031 711 1090 sumatur
744 1026 943 1090 extrinsecus
974 1032 1131 1109 punctum

2 1137 3 1196 3
117 1132 251 1215 aliquod
284 1135 325 1214 Γ,
362 1155 381 1196 a
413 1135 445 1196 Γ
476 1137 585 1196 autem
621 1133 780 1197 ducantur
815 1135 922 1196 rectae
957 1133 1036 1213 ΓΔ,
1069 1135 1133 1196 ΓΕ

2 1275 3 1280 1
117 1238 322 1322 superficiem
356 1238 491 1323 cylindri
519 1239 559 1301 ad
587 1239 721 1303 eandem
748 1241 875 1322 partem
904 1236 1130 1322 contingentes

2 1375 3 1400 r
115 1346 152 1408 in
175 1345 305 1428 punctis
328 1351 375 1428 Δ,
399 1349 435 1408 Ε.
482 1346 568 1431 dico,
594 1350 625 1409 Ε
646 1349 679 1409 et
702 1350 735 1408 A
757 1349 879 1429 puncta
903 1348 1072 1408 contactus
1095 1343 1130 1406 in

886 1471 951 1514 una
969 1455 1057 1515 recta
1075 1473 1131 1534 po-

885 1556 949 1620 sita
972 1578 1050 1621 esse.

945 1662 1081 1727 ducatur
1106 1685 1126 1726 a

881 1772 1003 1851 puncto
1031 1771 1063 1832 Γ
1087 1770 1127 1832 ad

882 1877 951 1937 AB
992 1895 1126 1958 perpen-

882 1980 1034 2044 dicularis
1055 1983 1126 2063 ΓΖ,

883 2091 915 2150 et
960 2109 1017 2171 per
1060 2091 1126 2151 ΓΖ

882 2193 1016 2275 planum
1032 2194 1126 2258 duca-

882 2305 937 2363 tur
954 2299 1052 2382 plano
1067 2301 1126 2364 cir-

883 2405 948 2469 culi
985 2411 1017 2468 A
1055 2427 1126 2488 par-

884 2510 1014 2574 allelum
1058 2511 1126 2575 effi-

884 2615 1011 2698 ciatque
1027 2615 1062 2678 in
1076 2639 1127 2700 cy-

1 2707 2 2746 3
113 2723 218 2786 lindrc
248 2722 424 2787 sectionem
452 2722 608 2787 circulum
636 2721 757 2787 circum
786 2727 813 2785 Z
837 2723 1048 2807 descriptum,
1076 2723 1125 2787 ita

1 2845 2 2848 ’
113 2834 151 2893 ut
179 2828 298 2893 existat
326 2827 502 2911 cylindrus,
535 2827 626 2891 cuius
658 2827 752 2891 bases
785 2826 852 2892 sint
878 2828 989 2893 circuli
1018 2833 1062 2914 Β,
1087 2834 1124 2912 Ζ,

1 2981 2 2984 ¹
112 2936 181 3000 axis
210 2939 319 2998 autem
346 2939 436 2999 recta
462 2938 491 2998 B
498 2938 539 3017 Z,
572 2938 604 2998 et
630 2956 688 3018 per
716 2937 778 2998 ΓΖ
805 2957 961 3019 axemque
991 2936 1125 3020 planum

111 3043 249 3108 ducatur
279 3041 315 3104 in
347 3040 492 3124 cylindro
525 3040 668 3106 efficiens
697 3041 1036 3127 parallelogrammum
1067 3066 1125 3128 per

112 3171 204 3213 axem
235 3147 380 3232 positum
413 3151 452 3211 H
456 3151 498 3231 Θ,
536 3147 576 3212 ad
609 3151 676 3212 ΖΓ
704 3151 813 3212 autem
849 3149 1124 3234 perpendicularis

111 3256 248 3320 ducatur
268 3255 335 3317 ΓΚ
353 3253 389 3316 in
412 3254 510 3339 plano
529 3254 642 3319 circuli
663 3258 690 3317 Z
712 3254 829 3338 posita,
851 3277 909 3338 per
928 3258 995 3320 ΓΚ
1014 3260 1123 3320 autem

1 3385 2 3426 1
110 3367 143 3426 et
174 3366 346 3443 utramque
375 3362 454 3444 ΓΔ,
479 3364 542 3425 ΓΕ
571 3361 669 3445 plana
695 3362 915 3444 producantur
943 3361 1123 3445 cylindrum

112 3468 256 3534 secantia
297 3465 504 3550 efficiantque
549 3489 607 3550 per
653 3467 829 3533 sectionem
874 3467 909 3531 in
955 3467 1123 3563 superficie

110 3575 247 3660 cylindri
274 3573 375 3638 lineas
409 3577 534 3658 ΛΑΜ,
557 3573 674 3658 Nun,
714 3574 749 3638 iu
780 3574 878 3658 plano
911 3567 1123 3669 auternjpar-

1 3689 2 3718 ι
927 3678 962 3732 7·
