2604 3880
178 176 243 238 224
492 176 580 226 ΠΕΡΙ
598 174 728 226 mm
746 176 883 226 ΤοΜΗΣ.

179 319 312 403 ἐδείχθη
340 315 377 383 δὲ
399 318 437 382 τὸ
461 317 524 382 ἀπὸ
550 322 623 382 ΖΗ
641 321 777 382 ἐλοιττον
801 317 821 401 Q
845 317 1021 382 διπλάσιον
1044 326 1105 382 τοῦ
1130 317 1194 384 ἀπὸ

180 429 260 490 ΗΒ·
280 424 316 490 τδ
336 422 401 510 ἄρα
420 424 483 490 ἀπὸ
501 427 573 489 ΖΗ
586 424 670 510 πρὸς
686 423 724 489 τὸ
744 424 808 489 ἀπὸ
828 429 896 490 ΗΒ
916 422 1074 490 ἐλάττονα
1093 428 1194 508 λόγον

179 536 244 616 ἔχει
271 533 353 618 ἤπερ
381 533 418 597 τὸ
447 531 510 598 ἀπὸ
540 537 605 595 ZA
631 533 714 616 πρὸς
736 533 773 596 τὸ
798 531 861 597 ἀπὸ
885 536 965 595 AB·
989 531 1150 597 ὥστεκαὶ
1173 531 1193 614 Q

180 643 253 703 ΖΗ
274 639 357 725 πρὸς
380 643 447 704 ΗΒ
476 637 633 704 ε’λολττονοι
661 641 762 720 λόγον
785 641 850 722 ἐχει
873 639 956 724 ἤπερ
979 638 999 722 Q
1025 643 1089 702 ΖΑ
1112 640 1195 725 πρὸς

145 763 161 810 ο
180 752 212 810 Α
218 751 255 810 Β.
302 744 360 810 ἐὰν
383 741 445 811 οὖν
467 743 569 810 πάλιν
592 744 628 810 ἐν
651 755 697 832 τῷ
716 746 825 832 κύκλῳ
845 753 884 830 τῇ
905 748 969 809 ΓΛ
987 746 1070 830 πρὸς
1088 744 1195 830 ὀρθὰς

180 851 331 936 ἀχθῶσιν
354 853 391 916 αἱ
408 854 487 934 ΖΚ,
507 855 587 935 ΒΘ,
606 850 782 936 ἐπιζευχθῇ
801 873 835 916 τε
853 850 874 933 Q
893 854 969 935 ΒΚ,
988 851 1008 934 Q
1028 855 1093 916 ΒΘ
1111 852 1195 937 πρὸς

181 963 248 1023 ΖΚ
272 957 430 1024 ε’λολττονοι
458 959 559 1038 λόγον
589 960 654 1041 ἐχει
681 959 764 1041 ἥπερ
792 956 812 1040 Q
842 963 907 1022 ΖΑ
933 959 1016 1043 πρὸς
1044 962 1123 1022 ΑΒ·
1157 959 1195 1022 τὸ

179 1067 243 1151 ἄρα
273 1066 329 1129 διὰ
358 1074 418 1129 τοῦ
451 1062 568 1142 ἄξονος
597 1061 761 1140 ι’σοσκελές
788 1067 924 1129 ἔλαττόν
952 1063 1020 1129 ἐστι
1047 1073 1108 1128 τοῦ
1137 1065 1196 1128 διδι

179 1183 236 1256 τῆς
264 1177 296 1236 A
303 1175 338 1236 Z.
390 1170 451 1236 οὐκ
479 1172 545 1257 ἄρα
572 1173 609 1236 τὸ
638 1171 694 1235 διὰ
721 1179 781 1235 τοῦ
805 1169 924 1248 ἄξονος
948 1168 1113 1248 ἰσοσκελὲς
1139 1170 1196 1254 με’-

128 1296 161 1345 10
179 1281 295 1360 χιστύν
326 1277 395 1342 ε’στι
423 1276 558 1343 πάντων
591 1289 673 1360 τῶν,
699 1278 743 1354 ὡς
772 1283 912 1363 εἴρηται,
943 1275 1197 1362 συνισταμένων

182 1387 369 1449 ἰσοσκελῶν.
416 1385 550 1468 ἐδείχθη
574 1382 620 1467 δέ,
644 1385 695 1448 ὅτι
718 1380 797 1448 οὐδὲ
820 1382 1005 1468 ἐλάχιστον·
1029 1385 1105 1449 ούτε
1129 1385 1197 1469 ἄρα

180 1489 336 1575 μέχιστόν
358 1489 449 1555 ἐστιν
473 1491 549 1555 οὔτε
573 1489 754 1574 ἐλάχιστον.

655 1710 722 1770 μγ·

238 1807 343 1876 Ἔστω
368 1807 404 1875 δέ
427 1819 491 1875 νῦν
515 1810 532 1876 ὁ
556 1815 621 1875 ΑΒ
646 1809 735 1888 ἄξων
758 1812 876 1895 μείζων
898 1818 956 1894 της
979 1809 1014 1874 ἐκ
1037 1819 1096 1874 τοῦ
1120 1808 1196 1874 κέν-

129 1935 161 1983 1ο
180 1942 276 2004 τηου,
299 1916 354 1983 κοιλ
378 1917 414 1983 ἐν
437 1927 482 2006 τῷ
505 1917 599 2005 ὀρθῷ
618 1917 701 2002 πρὸς
719 1917 777 1982 τὸν
796 1917 919 1982 κύκλον
938 1914 1079 2004 ἐπιπέδῳ
1098 1917 1195 2000 ἤχθω

179 2023 320 2100 κάθετος
342 2022 394 2088 ἐπὶ
418 2026 479 2107 την
503 2027 569 2088 ΓΔ
591 2022 611 2106 Q
635 2028 710 2088 AE.

246 2130 266 2212 Q
295 2131 336 2213 δη
365 2135 433 2194 ΑΒ
458 2131 531 2212 ἤτοι
559 2128 703 2194 ἐλάττων
731 2127 799 2194 ἐστὶ
828 2138 885 2213 τῆς
913 2128 948 2193 ἐκ
971 2137 1030 2194 τοῦ
1054 2127 1196 2215 κέντρου

179 2235 199 2320 Q
227 2237 277 2300 ού.

247 2345 329 2408 ἔστω
352 2340 514 2430 πρότερον
538 2339 696 2426 ἐλάττων,
723 2340 778 2406 καὶ
803 2343 858 2407 διδι
883 2351 943 2408 τοῦ
966 2347 999 2406 A
1021 2344 1110 2428 παρὰ
1134 2345 1197 2426 τὴν

127 2467 161 2516 20
182 2455 246 2517 ΓΔ
267 2453 362 2536 ἤχθω
386 2449 406 2533 Q
426 2453 502 2533 AZ,
526 2450 582 2514 διδ
606 2445 643 2514 δὲ
665 2457 724 2514 τοῦ
744 2453 772 2513 Β
795 2449 884 2534 παρὰ
906 2450 969 2532 τὴν
991 2454 1060 2530 AE
1080 2449 1101 2533 Q
1120 2454 1196 2532 BZ,

180 2557 235 2624 καὶ
263 2560 412 2642 συστητω
445 2556 465 2640 Q
493 2556 558 2622 ὑπὸ
586 2559 696 2620 ΒΖΗ
718 2558 761 2640 μη
789 2559 907 2640 μείζων
934 2549 1018 2621 οὖσα
1044 2564 1102 2639 τῆς
1128 2556 1195 2621 ὑπὸ

181 2671 296 2750 ΖΑΒ,
327 2663 383 2729 καὶ
415 2663 599 2748 ἐπεζεύχθω
636 2663 656 2746 Q
694 2665 773 2726 HA.
828 2661 929 2727 πάλιν
965 2663 1031 2748 ἄρα
1067 2663 1123 2726 διὰ
1155 2665 1196 2727 τδι

181 2770 357 2856 δειχθέντα
384 2770 405 2853 Q
430 2773 503 2835 ΖΗ
525 2771 608 2856 πρὸς
632 2773 693 2834 ΖΒ
720 2767 877 2834 ἐλάττονα
900 2767 1001 2852 λόγον
1025 2769 1089 2851 ἔχει
1112 2770 1195 2854 ἤπερ

180 2878 200 2962 Q
225 2883 296 2941 HA
322 2877 406 2962 πρὸς
433 2881 508 2941 ΑΒ.
559 2873 628 2940 ἐπεὶ
657 2871 718 2941 οὖν
746 2874 766 2958 Q
792 2879 853 2940 ZB
878 2880 931 2958 ἴση
955 2869 1040 2941 οὖσα
1066 2885 1106 2961 τῇ
1132 2880 1198 2940 ΑΕ

127 2999 160 3048 25
181 2983 325 3050 ἐλάττων
358 2981 427 3048 ἐστὶ
454 2992 511 3068 τῆς
539 2983 574 3048 ἐκ
602 2991 661 3048 τοῦ
689 2980 843 3068 κέντρου,
866 2985 985 3068 μείζων
1012 2978 1049 3046 δέ
1076 2980 1097 3065 Q
1126 2985 1199 3045 ZH

180 3099 238 3175 τῆς
262 3095 338 3175 ΖΒ,
362 3089 382 3174 Q
406 3090 471 3177 ἄρα
495 3094 568 3155 ΖΗ
585 3092 657 3174 ἤτοι
680 3093 799 3176 μείζων
822 3087 890 3155 ἐστὶ
914 3098 971 3175 τῆς
990 3087 1024 3154 ἐκ
1043 3097 1103 3154 τοῦ
1122 3087 1196 3152 κέν-

180 3223 261 3284 τοου
285 3197 305 3281 Q
330 3197 474 3263 ἐλάττων
497 3196 517 3280 Q
542 3203 605 3280 ἴση.

250 3397 275 3446 4.
298 3391 368 3462 ΖΗ]
395 3395 487 3460 ZBp.
573 3396 596 3445 ὁ.
617 3388 765 3445 ἐάν-7.
785 3391 850 3462 AB]
871 3407 924 3444 om.
943 3408 970 3459 p.
1058 3395 1082 3442 6,
1102 3389 1144 3460 τε]
1164 3385 1197 3442 δέ

180 3463 291 3531 Halley.
347 3468 388 3518 10.
410 3462 477 3533 ἐστι]
492 3477 545 3516 om.
560 3479 586 3531 p.
644 3468 685 3516 11.
705 3461 774 3533 ἄρα]
794 3461 850 3530 ἄρα
864 3459 979 3516 πάντων
997 3478 1023 3530 p.
1076 3465 1117 3515 13.
1133 3460 1196 3532 μχ’]

182 3534 300 3602 om.Vc,
320 3534 371 3601 μα’
387 3553 406 3603 p
425 3535 454 3588 et
471 3551 527 3602 mg.
541 3551 577 3588 m.
592 3549 646 3588 rec.
660 3533 698 3600 λλ,
718 3535 748 3588 οι
767 3532 806 3586 sic
827 3532 966 3603 deinceps.
1028 3537 1068 3585 16.
1090 3531 1152 3602 ΓΔ]
1172 3537 1198 3586 Δ
