2594 3878
169 179 211 243 96
438 181 526 232 ΠΕΡΙ
543 181 758 232 ΚΤΑΙΝΔΡΟΤ
776 181 912 233 ΤΟΜΗΣ.

169 325 251 389 ὥστε
271 321 326 387 καλ
344 333 383 408 τῇ
403 324 540 409 δοθείση
560 325 704 390 δυνατὸν
722 333 810 409 τρεῖς
828 323 942 408 ὁμοίας
959 325 1182 409 πορίσασθαι·

169 431 222 495 δεῖ
243 427 279 494 δὲ
297 431 358 514 τήν
377 431 536 496 δοθεῖσαν
555 432 634 514 μήτε
651 430 854 496 ὑπεναντίαν
873 425 971 495 εἶναι·
994 431 1096 516 ταύτη
1115 433 1182 517 γὰρ

169 536 307 621 οὐδεμία
348 541 540 602 συνίσταται
581 537 678 621 ὁμοία
716 538 803 621 πλήν
839 547 908 602 τῶν
944 539 1182 624 παραλλήλων·

169 645 248 728 μήτε
276 643 337 727 τήν
367 643 544 728 διάμετρον
571 643 673 727 αὐτῆς
699 643 911 730 παράλληλον
938 639 1023 710 εἶναι
1050 653 1090 731 τῇ
1123 646 1183 710 διά

134 759 236 815 ὅτῶν
263 754 295 814 Ε
319 747 375 814 καὶ
402 755 434 816 Α
462 747 605 835 ἀγομένη
633 750 749 844 εὐθείᾳ
776 749 812 815 έν
839 760 879 836 τῇ
900 760 1096 837 καταγραφῇ
1119 762 1183 818 τοῦ

168 856 292 945 κώμου·
322 857 468 942 μονήρης
494 857 557 942 γάρ
581 854 636 920 καὶ
658 857 741 940 αὐτη
765 858 822 922 διά
844 859 881 922 τὸ
904 859 966 942 τήν
988 851 1044 924 διδι
1066 867 1126 923 τοῦ
1151 864 1185 924 Ε

168 970 208 1048 τή
227 967 296 1028 ΛΔ
313 961 526 1049 παράλληλον
546 960 710 1047 ἀγομένην
730 961 959 1049 ἐφαπτομένην
976 973 1036 1029 τοῦ
1054 966 1181 1030 κύκλου

168 1072 300 1135 πίπτειν
322 1068 414 1146 ἐκτὸς
436 1067 491 1133 καί
514 1071 557 1154 μή
581 1065 666 1134 εἶναι
689 1079 734 1158 τῷ
757 1075 790 1135 Ε
810 1081 946 1155 σημεῖον
969 1073 1111 1154 σύζυγον
1135 1072 1183 1149 ὡς

168 1174 670 1264 τῷΞτὸΟήτῷΖτὸΗ.

117 1488 150 1535 10
237 1473 322 1561 Περὶ
350 1471 409 1559 μὲν
437 1471 498 1541 οὐν
526 1485 585 1540 τοῦ
608 1476 828 1562 προτεθέντος
850 1477 929 1564 ἡμῖν
951 1481 1185 1564 προβλήματος

170 1582 233 1646 ἀπὸ
257 1585 422 1647 πλειόνων
445 1581 583 1668 ἀρκείτω
607 1582 662 1648 καὶ
680 1585 720 1648 τά
738 1583 902 1671 εἰρημένα,
926 1587 996 1672 ὥρα
1014 1584 1048 1650 δ’
1068 1585 1183 1672 ἀνείη

169 1693 352 1773 μετελθεῖν,
376 1686 429 1772 ἐφ’
456 1688 535 1773 ὅπερ
560 1688 680 1774 ἀρτίως
703 1689 957 1776 ἐπηγγειλάμην·
986 1691 1119 1780 ἀφορμή
1144 1693 1187 1760 δέ

169 1818 226 1879 μοι
248 1803 306 1878 τής
328 1795 510 1879 μελλούσης
532 1795 677 1874 σκέψεως
700 1797 760 1862 οὐκ
784 1799 933 1884 ἀκαιρος,
961 1801 1029 1864 ἔστι
1052 1797 1090 1865 δὲ
1111 1801 1183 1884 ήδε.

235 1905 374 1966 Πείθων
402 1901 420 1967 ὁ
447 1900 632 1989 γεωμέτρης
659 1903 695 1968 έν
722 1905 952 1990 συγγράμματι
979 1904 1098 1972 ἑαυτοῦ
1122 1910 1184 1986 τάς

120 2018 152 2066 15
170 2009 403 2094 παραλλήλους
418 2006 643 2094 ἐξηγούμενος,
658 2001 707 2086 οἷς
725 2006 786 2095 μὲν
799 2010 982 2096 Εὐκλείδης
1001 2008 1100 2098 εἶπεν,
1119 2015 1184 2081 οὐκ

170 2111 328 2199 ἠρκέσθη,
349 2115 541 2201 σοφώτερον
560 2112 597 2180 δὲ
615 2113 659 2180 δι’
680 2116 920 2201 ὐποδείγματος
938 2118 1039 2196 αὐτάς
1057 2119 1183 2204 ε’σαφή-

170 2235 255 2284 νισε·
275 2218 357 2305 φησί
375 2221 438 2306 γάρ
457 2221 515 2297 τάς
527 2224 759 2308 παραλλήλους
772 2224 905 2302 εὐθείας
918 2219 1003 2290 εἶναι
1017 2235 1182 2312 τοιοῦτον,

171 2325 243 2404 οἵας
266 2325 302 2391 έν
320 2337 390 2404 τοῖς
409 2329 532 2412 τοίχοις
549 2327 570 2411 ή
589 2337 634 2416 τῷ
653 2327 768 2413 έδάφει
786 2331 844 2407 τάς
861 2341 929 2396 τῶν
946 2335 1070 2397 κιόνων
1087 2335 1184 2411 σκιάς

171 2432 300 2520 ὁρῶμεν
329 2431 592 2519 ἀποτελουμένας
620 2436 694 2518 ήτοι
720 2437 889 2521 λαμπάδος
918 2439 1008 2514 τινὸς
1038 2437 1093 2504 ἀπ’
1123 2439 1183 2506 ἀν-

118 2550 152 2600 20
171 2543 265 2627 τικρὺ
295 2539 470 2626 καιομένης
498 2540 519 2626 ή
549 2542 687 2626 λύχνους
734 2545 861 2609 τούτων
892 2540 928 2609 δὲ
958 2546 989 2608 εί
1016 2543 1071 2609 καὶ
1099 2555 1183 2612 πᾶσι

170 2653 326 2713 πλεῖστον
352 2647 486 2735 παρέχει
508 2649 710 2734 κατάγελων,
734 2649 817 2715 ἀλλά
839 2647 918 2735 ἡμῖν
941 2651 981 2716 οὐ
1004 2650 1183 2735 καταγέλα-

172 2770 251 2818 στον
280 2756 373 2819 αίδοϊ
399 2764 459 2820 τοῦ
489 2758 705 2843 γεγραφότος·
738 2760 836 2840 φίλος
862 2757 925 2844 γάρ
953 2756 1046 2845 ἀνήρ.
1097 2758 1184 2826 ἀλλά

171 2859 341 2943 σκεπτέον,
365 2861 452 2938 ὅπως
474 2863 511 2926 τὸ
535 2871 688 2927 τοιοῦτον
710 2865 775 2946 έχει
797 2869 1044 2948 μαθηματικῶς·
1077 2869 1184 2934 οἰκεία

172 2960 208 3027 δέ
235 2963 255 3046 ἡ
283 2963 396 3043 σκέψις
423 2978 493 3044 τοῖς
515 2967 662 3034 ἐνταῦθα
684 2970 1021 3056 προτεθεωρημένοις·
1052 2971 1096 3036 δι’
1122 2975 1184 3040 αύ-

120 3083 153 3132 25
172 3081 239 3134 τῶν
262 3071 324 3157 γάρ
349 3070 624 3158 ἀποδειχθήσεται
645 3076 683 3140 τὸ
706 3079 931 3163 προκείμενον.

244 3324 267 3372 6.
287 3317 421 3391 μονήρης]
440 3307 564 3390 μύνήρης
581 3320 614 3376 V.
688 3328 712 3376 9.
731 3327 769 3395 τῷ
783 3324 856 3394 (με.)]
875 3340 943 3377 corr.
964 3339 998 3377 ex
1015 3324 1046 3379 τό
1064 3343 1099 3379 m.
1122 3332 1136 3380 1
1158 3347 1183 3386 ο,

207 3391 248 3461 Ξ]
268 3407 341 3460 vop,
361 3407 429 3445 corr.
445 3392 653 3448 eme.1V.
710 3398 750 3447 12.
770 3391 881 3466 ἀρτίως]
901 3411 951 3465 cp,
971 3415 1015 3464 -ρ-
1034 3412 1131 3452 eeorr.
1146 3399 1184 3471 V,

172 3459 272 3524 ἀντίας
290 3479 315 3516 V.
390 3467 430 3517 13.
450 3463 509 3534 μοι]
529 3479 581 3517 om.
600 3482 627 3534 p.
696 3469 737 3519 14.
758 3467 886 3538 Πείθων]
905 3487 936 3522 -ν
955 3482 1035 3522 euan.
1054 3485 1081 3537 p.
1138 3476 1184 3528 17.

172 3534 312 3604 τοιοῦτον]
322 3533 383 3604 Vc,
398 3534 529 3596 τοιαύτας
538 3542 575 3603 p?
630 3540 672 3590 18.
688 3534 761 3608 σίας]
772 3552 851 3592 euan.
861 3555 887 3607 p.
944 3543 985 3592 20.
998 3538 1115 3612 τούτων]
1125 3541 1185 3615 Vc,
