2604 3880
147 243 155 252 ,
190 201 256 265 256
501 203 589 254 ΠΕΡΙ
605 203 734 256 mom
752 204 888 257 ΤΟΜΗΣ.

191 341 253 412 οὖν
280 355 326 432 τῷ
350 349 393 432 Β,
420 347 616 430 διαστήματι
644 343 681 411 δὲ
704 346 914 434 ὁποτερφοῦν
936 357 1004 411 τῶν
1027 351 1108 430 BA,
1139 352 1208 413 ΒΓ

189 451 372 538 γεγράφθω
403 454 523 530 κύκλος
550 453 567 518 ὁ
596 455 744 537 ΑΕΖΓ,
777 451 833 517 καὶ
860 452 1137 536 ἐκβεβλήσθωσαν
1165 456 1205 519 αί

189 563 305 641 ΑΒΕ,
337 563 454 642 AAZ,
486 549 608 624 ΑΗΘ·
642 565 696 642 ίση
728 561 792 645 ίίρα
824 559 881 623 διὰ
912 559 949 624 τὸ
981 561 1045 645 πρὸ
1078 563 1201 626 τούτου

189 663 347 752 θεώρημα
374 665 395 749 ή
418 662 479 750 μέν
501 669 565 730 ΕΒ
588 675 627 751 τῇ
650 669 726 748 ΒΓ,
754 665 774 748 ἡ
799 662 835 730 δέ
859 670 925 730 ZA
948 675 988 750 τῇ
1011 670 1091 750 ΔΓ,
1119 668 1140 752 ἡ
1164 665 1201 733 δὲ

157 781 172 828 5
194 776 265 837 ΘΗ
279 783 318 859 τή
337 775 414 837 ΗΓ.
451 770 521 837 ἐπεὶ
539 767 601 837 οὖν
620 771 640 853 ή
659 777 728 836 ΑΕ
744 772 918 857 διάμετρός
936 771 1006 837 ἐστι
1024 782 1084 838 τοῦ
1098 779 1200 840 ΑΕΖ

189 880 330 962 κύκλου,
355 883 490 963 μεγίστη
518 875 578 962 μέν
606 880 669 964 ίίρα
696 889 764 944 τῶν
792 878 828 944 ἐν
855 887 901 966 τῷ
923 879 1033 966 κύκλῳ
1057 881 1200 946 εὐθειῶν

189 984 209 1068 ή
233 991 313 1070 ΑΕ,
341 986 361 1070 ή
389 981 426 1050 δὲ
449 989 515 1050 ΑΖ
537 987 656 1068 μείζων
678 994 736 1069 τῆς
758 989 835 1050 ΑΘ.
866 985 963 1078 Ιύλλολ
985 994 1025 1071 τῇ
1048 984 1109 1070 μὲν
1132 993 1201 1052 ΑΕ

191 1098 243 1176 ίση
268 1095 517 1178 συναμφότερος
539 1091 559 1174 ή
579 1096 693 1176 ΑΒΓ,
716 1102 755 1178 πή
779 1089 816 1157 δὲ
834 1097 900 1157 ΑΖ
923 1092 943 1176 ή
963 1096 1076 1176 ΑΔΓ,
1099 1103 1139 1178 τῇ
1163 1091 1200 1158 δὲ

189 1205 221 1263 Α
229 1203 257 1263 Θ
283 1200 304 1283 ή
327 1202 444 1264 ΑΗΓ·
472 1197 527 1263 καὶ
555 1199 683 1264 τούτων
711 1201 775 1285 ἄρα
798 1202 933 1283 μεγίστη
956 1197 1017 1283 μέν
1039 1198 1059 1282 ή
1084 1203 1198 1283 ΑΒΓ,

138 1313 171 1362 10
189 1309 308 1389 μείζων
326 1302 362 1370 δέ
381 1307 401 1390 ή
419 1312 489 1371 AA
496 1309 528 1370 Γ
541 1315 598 1390 τῆς
615 1309 691 1370 ΑΗ
693 1309 728 1370 Γ.
764 1303 821 1371 καὶ
838 1306 959 1390 ὁμοίως
977 1303 1028 1370 ἀεὶ
1046 1306 1066 1390 ή
1087 1308 1199 1389 ἔγγιον

189 1421 246 1496 τῆς
272 1414 355 1498 πρὸς
381 1421 421 1498 τη
450 1413 621 1500 διχοτομία
647 1421 704 1496 τής
732 1411 902 1498 ἀπώτερόν
928 1411 996 1478 ἐστι
1019 1415 1151 1496 μείζων·
1180 1411 1197 1476 ὃ

188 1517 357 1604 προέκειτο
381 1517 492 1596 δείξαι.

521 1712 667 1790 ’Ἁλλως
690 1715 731 1778 τὸ
755 1715 858 1778 αὐτό.

245 1834 352 1902 Ἔστω
380 1839 499 1914 κύκλος
527 1838 544 1904 ὁ
573 1841 688 1921 ΑΒΓ,
715 1835 770 1902 καί
798 1836 834 1901 ε’ν
861 1845 906 1924 τῷ
930 1840 1036 1902 ΑΒΓ
1058 1838 1198 1922 τμήματι

138 1951 170 1999 15
190 1945 361 2010 κεκλοίσθω
380 1945 401 2028 ή
420 1948 525 2010 ΑΒΓ
538 1945 664 2029 εὐθεῖα,
688 1945 770 2009 ὥστε
789 1945 850 2027 τὴν
869 1945 973 2007 ΑΒΓ
986 1940 1198 2029 περιφέρειαν

191 2051 266 2133 δίχα
293 2057 473 2135 τετμῆσθαι
496 2053 579 2115 κατὰ
601 2053 638 2116 τὸ
662 2055 699 2114 Β.
746 2049 846 2133 λέγω,
875 2049 925 2114 ὅτι
948 2051 1198 2134 συναμφότερος

189 2154 209 2238 ἡ
233 2160 337 2221 ΑΒΓ
359 2156 474 2221 εὐθεῖα
502 2159 636 2241 μεγίστη
661 2154 729 2221 ἐστὶ
752 2166 867 2221 πασῶν
890 2166 957 2220 τῶν
981 2155 1018 2220 ἐν
1040 2165 1085 2243 τῷ
1109 2156 1197 2243 αύτῷ

189 2263 330 2346 τμήματι
353 2260 530 2346 κλωμένων
553 2262 704 2327 εὐθειῶν.

256 2367 428 2433 κεκλήσθω
453 2371 516 2455 γὰρ
539 2369 559 2452 ἡ
584 2375 654 2434 AA
661 2372 700 2452 Γ,
723 2366 778 2434 καὶ
801 2368 1014 2452 ἐκβεβλήσθω
1037 2367 1057 2450 ή
1080 2373 1199 2452 ΑΔΕ,

137 2482 171 2530 20
189 2472 244 2539 καὶ
271 2478 395 2540 κείσθω
423 2474 444 2558 ή
468 2480 538 2540 ΑΕ
558 2485 597 2562 τῇ
622 2479 693 2540 ΔΓ
713 2481 782 2559 ἴση,
810 2473 865 2539 καὶ
888 2474 1139 2560 ἐπεζεύχθωσαν
1166 2475 1202 2538 αί

189 2585 269 2665 BA,
300 2586 372 2646 ΒΕ.
418 2581 487 2646 ἐπεὶ
515 2577 577 2648 οὖν
603 2581 623 2665 ή
647 2587 714 2647 ΑΒ
741 2580 932 2668 περιφέρεια
960 2593 999 2668 τή
1023 2585 1092 2646 ΒΓ
1108 2603 1197 2666 περι-

189 2691 304 2774 φερείᾳ
332 2694 386 2772 ίση
415 2687 496 2771 ἐστί,
526 2686 582 2752 καὶ
610 2686 662 2753 ἐπὶ
684 2685 745 2772 μὲν
772 2697 830 2772 τῆς
857 2692 922 2753 ΑΒ
950 2687 970 2771 ή
999 2689 1064 2753 ὑπὸ
1092 2693 1120 2753 Β
1128 2694 1198 2753 AA

188 2797 294 2876 γωνία
316 2793 464 2878 βέβηκεν,
488 2793 541 2859 ε’πλ
564 2791 601 2859 δὲ
624 2803 681 2878 τῆς
705 2795 809 2878 ΒΓή
832 2794 897 2859 ὑπὸ
922 2798 1031 2878 ΒΑΓ,
1057 2801 1110 2878 ίση
1134 2796 1196 2879 ἄρα

189 2899 209 2983 ή
231 2900 296 2964 ὑπὸ
318 2904 422 2964 ΒΔΑ
444 2911 483 2986 τῇ
507 2900 571 2965 ὑπὸ
591 2904 699 2965 ΒΑΓ.
736 2903 832 2984 κοινή
855 2905 1066 2986 προσκείσθω
1090 2901 1110 2986 ή
1133 2900 1196 2966 ὑπὸ

261 3133 283 3182 1.
304 3127 369 3198 BA]
387 3145 420 3196 p,
447 3127 754 3197 lacuna‘absumptum
772 3127 805 3196 V,
829 3145 884 3197 mg.
910 3133 945 3197 ,‚†
960 3133 1008 3182 BA
1028 3128 1148 3197 amplius
1167 3127 1197 3181 in

189 3198 369 3267 apograph&
388 3217 424 3252 m.
443 3215 497 3253 reo.
556 3203 612 3252 ΒΓ
646 3216 715 3254 corr.
735 3216 769 3254 ex
788 3204 837 3252 BA
855 3217 892 3252 m.
911 3215 965 3254 rec.
985 3218 1012 3254 v.
1085 3205 1109 3254 3.
1129 3199 1194 3271 ἄρα]

189 3269 244 3338 ἄρα
265 3267 320 3322 ἐστί
336 3288 364 3338 p.
437 3276 461 3324 4.
481 3271 616 3338 θεώρημα
647 3287 700 3324 om.
719 3288 746 3339 p.
825 3276 848 3324 7.
868 3273 924 3325 ΑΒ
953 3288 981 3339 p,
1000 3287 1069 3325 corr.
1089 3287 1123 3324 ex
1141 3274 1199 3324 ΑΗ

188 3357 224 3394 m.
245 3345 259 3392 2
278 3340 311 3409 V,
331 3345 390 3394 ΑΗ
403 3358 430 3394 v.
491 3346 532 3394 11.
552 3342 707 3412 ἀπώτερον]
726 3360 753 3410 p,
773 3341 912 3408 ἀπότερον
958 3385 963 3394 .
1018 3339 1195 3409 ὃπροέκειτο

189 3411 289 3481 δεῖξαι]
310 3427 362 3464 om.
381 3429 408 3480 p.
492 3417 534 3464 13.
554 3411 641 3474 ἄλλως
658 3413 689 3466 τὸ
709 3411 789 3482 am]
808 3430 840 3480 p,
866 3412 966 3481 Vmg.
985 3430 1020 3465 m.
1041 3419 1069 3480 2,
1098 3429 1151 3466 om.
1170 3431 1196 3467 v.

226 3487 266 3533 17.
286 3483 385 3552 ΑΒΓ]
404 3500 454 3550 vp,
474 3486 496 3534 Β
515 3497 530 3534 ε
549 3498 617 3538 corr.
636 3501 672 3536 m.
694 3490 708 3536 1
727 3484 761 3538 V.
829 3487 870 3536 19.
889 3481 1047 3553 κεκλύσθα]
1066 3501 1116 3552 vp,
1135 3481 1197 3537 -οίσ-

189 3565 268 3603 euan.
288 3552 321 3619 V,
341 3557 376 3620 „†
391 3550 489 3606 ύσθω“
508 3569 563 3620 mg.
583 3571 618 3606 m.
638 3570 691 3607 rec.
765 3551 818 3622 γάρ
838 3585 871 3594 -
891 3560 932 3608 20.
953 3551 1070 3624 κείσθω]
1088 3573 1143 3623 vp,
1163 3571 1197 3608 ex
