2604 3880
171 201 237 266 254
483 203 571 254 ΠΕΡΙ
588 202 718 254 Κοιιον
735 204 870 256 romaz.

239 346 350 410 Πύλιν
384 343 436 410 έπλ
468 355 526 429 της
557 345 659 430 αὐτῆς
685 353 898 431 καταγραφῆς
923 344 1113 410 ὑποκείσθω
1140 357 1191 432 τῇ

171 451 232 536 μὲν
254 455 313 516 ΓΛ
337 458 391 535 ίση
414 453 535 536 ME,
558 461 598 538 τῇ
622 449 658 516 δέ
678 455 739 516 ΓΖ
761 451 781 534 ἡ
803 455 874 516 ΖΗ
893 455 1073 536 τῆςΒΔΓ
1089 473 1189 538 περι-

172 561 305 644 φερείας
336 559 419 623 κατὰ
451 560 487 623 τὸ
516 565 549 623 A
581 560 657 642 δίχα
689 556 895 642 τετμημένης.
946 557 1045 642 λέγω,
1078 559 1128 624 ὅτι
1163 559 1186 624 ὁ

171 663 296 752 κέντρῳ
329 662 390 749 μὲν
421 675 466 752 τῷ
496 672 543 748 A,
576 666 771 748 διαστήματι
803 661 840 729 δέ
873 665 1081 752 δποτερῳοῦν
1113 676 1187 730 τῶν

136 782 153 830 5
171 775 253 855 AB,
276 775 348 836 ΛΓ
365 774 574 858 γραφόμενος
596 772 717 847 κύκλος
739 770 807 854 ἥξει
830 769 885 835 καλ
908 772 964 835 διδι
987 783 1054 836 τῶν
1073 777 1104 835 Ε
1124 770 1183 836 καλ

170 881 210 942 Η
229 881 381 962 σημείων.

238 983 306 1050 ἐπεὶ
333 986 396 1071 γὰρ
426 990 479 1067 ἴση
507 983 527 1066 ἡ
554 983 620 1048 ὑπὸ
648 987 754 1048 ΕΑΓ
775 987 880 1066 γωνία
907 994 946 1070 τῇ
974 985 1038 1049 ὑπὸ
1062 989 1179 1064 ΗΖΓ,

170 1096 228 1157 καί
249 1092 338 1157 ἐστιν
362 1094 511 1174 ίσοσκελῆ
535 1091 575 1154 τδι
602 1093 708 1173 ΕΔΓ,
731 1093 841 1154 ΗΖΓ
858 1093 1012 1174 τρίγωνα,
1037 1097 1091 1174 ίση
1115 1094 1181 1176 ἄρα

169 1197 225 1263 καλ
252 1199 272 1282 ἡ
299 1199 364 1263 ὑπὸ
393 1200 494 1262 ΒΕΓ
517 1200 622 1280 γωνία
649 1207 689 1282 τῇ
716 1196 781 1261 ὑπὸ
805 1200 920 1260 ΒΗΓ·
950 1197 986 1261 έν
1015 1207 1060 1284 τῳ
1090 1198 1180 1286 αὐτῷ

118 1314 152 1363 10
171 1306 234 1391 όίρα
253 1305 362 1392 κύκλῳ
382 1306 419 1368 αί
434 1303 499 1368 ὑπὸ
518 1306 630 1386 ΒΕΓ,
650 1307 757 1367 ΒΗΓ
770 1306 897 1386 γωνίαι.
935 1303 952 1368 ὁ
971 1305 1035 1389 όίρα
1053 1303 1179 1392 κέντρῳ

170 1421 215 1499 τῷ
238 1417 281 1494 A,
305 1412 498 1494 διαστήματι
522 1406 559 1473 δὲ
581 1419 626 1496 τῳ
647 1413 712 1473 ΔΒ
737 1412 945 1494 γραφόμενος
967 1410 1087 1487 κύκλος
1109 1409 1181 1493 ἥξει

169 1515 224 1582 καλ
248 1517 304 1580 διδι
326 1527 394 1580 τῶν
416 1521 459 1598 Β,
483 1519 522 1580 H
541 1519 696 1600 σημείων·
720 1515 799 1602 ὅπερ
823 1517 890 1580 ἔδει
913 1514 1024 1594 δείξαι.

642 1735 705 1793 νγ.

234 1835 309 1901 ’Βδιν
329 1835 364 1900 έν
383 1837 522 1920 τμήματι
540 1837 664 1900 κύκλον
678 1840 870 1900 κλασθῶσιν
885 1835 1023 1919 εὐθεῖαι,
1042 1839 1178 1920 μεγίστη

118 1953 151 2002 15
170 1939 230 2026 μέν
258 1946 348 2007 ἔσται
376 1941 395 2024 ἡ
419 1944 502 2028 πρὸς
524 1945 585 2026 τὴν
609 1944 801 2026 διχοτομίαν
823 1943 884 2024 τὴν
906 1941 1024 2006 κλοίσιν
1047 1945 1177 2026 ἔχουσα,

168 2059 236 2112 τῶν
259 2045 295 2111 δὲ
318 2050 428 2112 ἄλλων
452 2046 501 2112 ἀεὶ
525 2049 545 2132 ἡ
565 2051 677 2130 ἔγγιον
696 2057 753 2132 της
770 2049 853 2134 πρὸς
871 2059 910 2134 τῇ
930 2049 1101 2137 διχοτομία
1119 2059 1177 2134 τῆς

169 2153 338 2240 ἀπώτερόν
361 2153 428 2217 έστι
451 2157 578 2237 μείζων.

172 2329 174 2333 ,
236 2259 272 2325 έν
304 2261 367 2346 γὰρ
400 2269 445 2346 τῷ
473 2263 579 2324 ΑΒΓ
604 2261 745 2344 τμήματι
772 2261 1009 2326 κεκλολσίλωσαν
1037 2262 1175 2346 εὐθεῖαι,

168 2367 188 2451 ἡ
212 2363 273 2451 μέν
295 2371 400 2431 ΑΒΓ
418 2367 500 2431 ὥστε
523 2368 584 2450 την
605 2369 710 2431 ΑΒΓ
727 2365 940 2452 περιφέρειαν
963 2368 1039 2451 δίχα
1062 2378 1175 2452 τετμῆ-

115 2484 149 2534 20
169 2480 250 2539 σθαι
273 2475 354 2538 κατδι
377 2475 414 2538 τὸ
434 2478 473 2558 Β,
498 2482 656 2557 τυχοῦσαι
680 2469 717 2537 δδ
740 2474 778 2538 αί
793 2477 906 2557 ΑΔΓ,
925 2477 1038 2538 ΑΗΓ.
1079 2473 1174 2558 λέγω,

152 2581 218 2651 ,ὅτι
241 2583 491 2666 συναμφότερος
513 2579 533 2662 ἡ
553 2583 660 2645 ΑΒΓ
677 2580 793 2645 εύδεία
815 2583 949 2663 μεγίστη
973 2578 1041 2644 έσιλ
1059 2591 1174 2645 πασῶν

166 2698 234 2751 τῶν
262 2687 298 2752 έν
325 2697 370 2775 τῷ
398 2689 535 2772 τμήματι
565 2685 743 2771 κλωμένων
770 2687 926 2770 εὐθειῶν,
954 2690 1072 2771 μείζων
1095 2684 1173 2771 δλη

167 2797 276 2858 ΑΛΓ
292 2802 350 2877 τῆς
373 2797 448 2858 ΑΗ
451 2797 484 2858 Γ.

234 2897 302 2964 ἐπεὶ
342 2898 362 2982 ἡ
396 2904 461 2964 ΑΒ
498 2899 689 2986 περιφέρεια
720 2909 759 2984 τῇ
796 2903 864 2964 ΒΓ
891 2905 1082 2988 περιφερείᾳ
1120 2907 1172 2984 λ’ση
1237 2943 1239 2948 -

114 3018 147 3068 25
167 3006 246 3089 έστί,
269 3003 324 3070 καὶ
346 3004 366 3088 ἡ
387 3011 452 3070 ΑΒ
476 3008 540 3091 ἄρα
563 3007 678 3071 εύδεία
699 3015 738 3090 τῇ
758 3009 825 3070 ΒΓ
839 3005 928 3071 ἐστιν
948 3013 1010 3090 ἴση.
1047 3006 1171 3096 κέντρῳ

237 3240 260 3288 3.
286 3233 317 3305 ὁ]
336 3251 367 3302 p,
396 3225 516 3306 ᾧλίτο,
545 3192 599 3302 »Η
613 3239 631 3301 †
649 3236 717 3302 puto
738 3234 753 3288 ὁ
772 3231 876 3308 κέντρῳ
895 3234 935 3288 sic
953 3234 1027 3288 infra
1046 3235 1076 3288 in
1094 3251 1171 3306 repe-

164 3305 283 3360 titione“
302 3323 357 3374 mg.
377 3323 413 3358 m.
432 3320 485 3360 rec.
505 3305 537 3359 V.
606 3313 644 3393 ἢ4.
665 3303 727 3377 μέν]
747 3322 822 3374 vop,
846 3303 891 3360 »ἐν
911 3322 991 3360 euan.
1011 3307 1044 3376 V,
1075 3336 1090 3366 ·.·
1121 3304 1171 3376 μέν

164 3429 219 3480 mg.
238 3430 274 3466 m.
293 3428 348 3466 rec.
426 3412 493 3482 τῶν]
513 3428 563 3481 op,
589 3397 609 3464 ό
636 3412 670 3479 V,
693 3417 731 3484 τῷ
750 3431 775 3467 v.
822 3493 833 3504 .
868 3420 891 3467 7.
912 3411 968 3484 ίση]
989 3412 1033 3483 λ’ση
1052 3411 1126 3469 ἐστίν
1143 3432 1170 3502 ρ.

165 3484 304 3622 ...δέξό
315 3487 362 3608 λλ
371 3499 469 3622 λῗοΠ·
479 3501 537 3608 ¹³14.
562 3481 773 3624 λλλῗλέΓ
788 3484 1017 3626 δεέίλλλιλ.
1039 3487 1170 3625 335⁷ss
