2604 3880
433 201 484 252 nn
502 201 680 254 sncrrouu
698 202 792 256 eoru.
1050 202 1117 266 273

109 343 174 408 iam
195 342 297 428 igitur
320 343 382 408 duo
406 343 563 429 trianguli
587 347 702 430 ΓΑΔ,
724 349 824 410 ΕΑΖ
847 347 941 410 bases
966 348 1115 430 aequales

108 450 245 533 habent,
280 449 402 514 habent
438 455 548 515 autem
584 451 682 515 etiam
719 456 840 516 rectam
872 475 892 516 a
923 453 1044 519 uertice
1077 454 1117 526 ad

108 561 264 641 punctum
283 556 424 622 medium
440 557 529 622 basis
548 557 677 623 ductam
696 559 837 642 eandem,
857 563 889 623 et
908 561 1011 625 maius
1029 561 1116 625 latus

109 663 241 728 alterius
278 664 318 728 ad
354 663 461 728 minus
498 663 653 730 maiorem
690 664 849 730 rationem
885 665 985 730 habet
1019 689 1117 751 quam

108 769 241 834 alterius
269 769 355 834 latus
383 771 487 834 maius
516 771 557 834 ad
581 771 701 856 minus,
729 776 904 856 eleatem,
932 773 1115 859 triangulus

108 881 175 941 EA
181 881 209 941 Z
236 876 342 941 minor
365 881 416 941 est
438 878 541 961 [prop.
560 876 646 962 XX}
692 899 769 963 ergo
793 879 827 946 Δ
843 881 946 942 ΓΑΔ
959 891 992 952 >
1007 883 1074 944 EA
1080 885 1119 944 Z.

554 1069 672 1136 LVIII.

176 1193 339 1260 Gonorum
357 1196 541 1280 aequalium
557 1199 791 1283 rectorumque,
804 1197 859 1262 sed
872 1219 939 1262 non
953 1198 1118 1285 similium,

107 1302 265 1389 trianguli
287 1324 344 1386 per
363 1325 455 1367 axem
474 1303 562 1368 ducti
580 1302 615 1366 in
633 1303 795 1368 contraria
812 1304 1021 1389 proportione
1041 1311 1117 1371 sunt

109 1409 236 1474 basium
258 1431 397 1474 suarum.

176 1517 242 1581 sint
265 1516 338 1581 coni
361 1516 442 1582 reoti
465 1517 692 1602 aequalesque,
716 1517 860 1582 sednon
883 1517 1014 1601 similes,
1038 1539 1116 1601 quo·

108 1645 181 1687 rum
204 1623 341 1688 uertices
362 1623 427 1688 sint
444 1627 565 1708 puncta
582 1629 628 1708 A,
646 1627 690 1707 Β,
714 1645 788 1688 ares
811 1627 919 1688 autem
937 1627 1023 1708 AH,
1044 1629 1117 1710 ΘΒ,

5 3125 6 3180 l
108 3112 142 3172 et
160 3106 316 3192 trianguli
334 3128 391 3190 per
410 3127 502 3170 axem
521 3104 609 3170 ducti
627 3107 745 3190 ΑΓΛ,
764 3109 874 3183 ΒΕΖ,
893 3104 987 3169 bases
1006 3107 1116 3168 autem

109 3235 265 3279 eonorum
288 3213 399 3278 oirouli
422 3212 543 3278 circum
567 3215 645 3290 ΓΔ,
668 3215 731 3275 ΕΖ
755 3209 928 3275 diametros
953 3210 1116 3294 descripti.

107 3321 195 3405 dieo,
219 3342 289 3386 esse
311 3319 458 3388 ΔΑΓΔ
473 3343 479 3384 :
495 3323 591 3383 ΒΕΖ
608 3350 646 3370 --
662 3321 725 3381 ΕΖ
740 3339 747 3380 :
763 3319 835 3381 ΓΛ.

176 3427 329 3511 quoniam
353 3427 438 3491 enim
459 3425 532 3491 coni
551 3424 699 3508 aequales
720 3423 897 3508 annuerit,
919 3427 956 3486 ut
976 3422 1114 3488 circulus

107 3534 229 3599 oireum
256 3537 296 3598 H
319 3537 464 3597 centrum
492 3531 671 3616 descriptus
699 3529 739 3594 ad
762 3529 917 3594 eiroulum
941 3529 1061 3594 oireum
1087 3533 1116 3594 Θ

163 3647 286 3688 Serenus
300 3646 504 3698 Antinoensis‚
517 3646 551 3687 ed.
566 3645 674 3696 Hoiberg.
922 3639 954 3688 18
