2594 3878
155 205 217 268 132
468 209 554 258 ΠΕΡΙ
572 203 855 260 Κααουεοιιιιε.

153 351 191 414 τὸ
215 352 278 435 άρα
297 354 397 414 ΑΓΔ
419 361 480 415 τοῦ
499 357 602 415 ΑΖΔ
624 355 734 435 μειῖόν
753 353 851 418 ἐστιν.
889 353 972 417 ἀλλὰ
994 363 1039 440 τῷ
1059 358 1165 417 ΑΖΔ

155 464 229 522 ἴσον
256 455 409 540 ἕκαστον,
436 453 477 522 οὗ
504 459 524 541 ἡ
552 459 648 541 βάσις
677 465 730 541 ἴση
759 458 827 524 ἐστὶ
855 469 894 543 τῇ
924 464 1002 523 ΖΔ·
1034 461 1071 524 τὸ
1100 462 1165 544 ἄρα

154 570 187 628 Α
193 567 253 628 ΓΔ
280 566 404 640 παντὸς
425 567 590 650 τριγώνου
614 569 724 649 μεῖζόν
747 565 852 649 ἐστιν,
880 563 920 631 οὗ
948 566 968 648 ἡ
991 567 1087 649 βάσις
1111 573 1164 648 ἴση

155 669 225 735 ἐστὶ
247 679 286 755 τῇ
312 676 384 734 ΖΔ.
1265 727 1269 738 .

118 790 135 836 5
222 774 305 841 εἰδὲ
325 778 426 860 ἡΑΒ
445 783 567 863 τῇΒΔ
590 785 655 862 ἴση,
680 785 734 862 ίση
753 782 817 866 ἄρα
835 779 1011 864 καὶὴΑΘ
1033 791 1073 866 τῇ
1090 785 1165 844 ΘΔ·
1276 847 1277 850 ,

154 884 276 968 ὁμοίως
302 886 367 970 άρα
394 886 431 948 τὸ
459 885 524 948 ὑπὸ
548 890 630 967 ΑΘ,
656 891 736 969 ΘΔ,
764 886 913 951 τουτέστι
941 889 977 952 τὸ
1004 887 1067 952 άπὸ
1091 891 1165 970 ΒΘ,

154 994 263 1075 μεῖζόν
287 991 355 1055 ἐστι
378 1000 437 1055 τοῦ
460 990 526 1056 ὑπὸ
546 996 624 1074 ΑΚ,
643 997 723 1075 ΚΔ,
747 993 895 1058 τουτέστι
918 1003 978 1058 τοῦ
1001 994 1065 1058 ἀπὸ
1085 999 1165 1058 HK.

154 1097 174 1180 ἡ
202 1100 266 1184 άρα
289 1103 355 1162 ΒΘ
381 1102 500 1181 μείζων
528 1098 596 1163 ἐστὶ
624 1109 683 1182 τῆς
705 1104 791 1183 ΚΗ,
823 1099 878 1164 καὶ
905 1101 942 1165 τὸ
967 1105 1071 1165 ΑΒΔ
1098 1105 1166 1186 τρί-

155 1229 265 1286 γωνον
283 1215 343 1270 τοῦ
363 1209 473 1269 ΑΗΔ
496 1207 661 1290 τριγώνου
681 1211 800 1291 μεῖζον.
837 1207 959 1291 ὁμοίως
978 1203 1014 1270 δὲ
1033 1208 1166 1291 δειχθή-

103 1324 136 1372 10
156 1329 259 1397 σεται,
285 1311 349 1375 κάν
376 1313 478 1388 άίίας
505 1313 617 1394 βάσεις
641 1314 862 1397 διαγάγωμεν·
895 1315 978 1378 ὥστε
1001 1315 1038 1378 τὸ
1062 1315 1167 1390 οὕτως

155 1422 231 1502 ἔχον
259 1421 391 1502 μείζονα
416 1419 515 1500 βάσιν
538 1423 704 1503 τρίγωνον
727 1423 836 1504 μεῖζόν
860 1420 928 1485 ἐστι
952 1429 1011 1485 τοῦ
1035 1424 1167 1504 ἔχοντος

155 1526 326 1590 ἐλάσσονα.
691 1521 694 1526 ’

645 1649 680 1728 ζ’.

214 1772 284 1838 ’Ότι
304 1770 340 1837 δὲ
359 1775 433 1857 ἡΗ
436 1777 469 1837 Κ
486 1775 627 1852 κάθετός
646 1775 735 1840 ἐστιν
754 1774 807 1840 ἐπὶ
825 1777 885 1858 τὴν
900 1781 975 1858 ΑΔ,
1000 1776 1169 1840 δείκνυται

103 1891 136 1938 15
157 1882 270 1957 οὕτως.
1276 1935 1277 1942 ι

223 1985 389 2072 τριγώνου
413 1989 476 2072 γάρ
501 1987 712 2073 ὀρθογωνίου
736 1997 795 2051 τοῦ
819 1991 927 2050 ΑΗΔ
952 1989 1125 2073 διῃρήσθω
1150 1988 1169 2070 ἡ
1276 1973 1277 2006 ³

157 2095 254 2178 βάσις
276 2094 341 2158 ὑπὸ
365 2103 424 2176 τῆς
446 2097 532 2176 ΗΚ,
557 2095 638 2158 ὥστε
662 2089 757 2176 εἶναι,
781 2093 825 2170 ὡς
847 2094 884 2157 τὸ
909 2093 972 2158 ἀπὸ
994 2098 1070 2158 ΑΗ
1088 2097 1171 2179 πρὸς
1275 2141 1277 2164 .

156 2203 194 2265 τὸ
223 2199 286 2264 άπὸ
315 2204 401 2282 ΗΔ,
430 2199 536 2274 οὕτως
563 2202 624 2283 τὴν
652 2204 723 2264 ΑΚ
748 2201 831 2283 πρὸς
858 2203 936 2264 ΚΔ.
988 2200 1092 2285 λέγω,
1121 2203 1170 2266 ὅτι

156 2308 297 2383 κάθετός
321 2305 409 2370 ἐστιν
432 2305 452 2388 ἡ
476 2310 551 2370 ΗΚ
572 2304 624 2370 ἐπὶ
647 2308 708 2390 τὴν
731 2313 808 2370 ΑΔ.

102 2423 137 2471 20
223 2417 254 2479 εί
279 2415 342 2499 γάρ
371 2415 430 2498 μή,
458 2417 540 2478 ἔστω
564 2414 584 2496 ἡ
608 2417 680 2477 ΗΛ
705 2415 858 2488 κάθετος·
889 2413 933 2488 ὡς
956 2415 1020 2498 άρα
1043 2415 1080 2478 τὸ
1106 2414 1169 2478 άπὸ
1276 2393 1277 2434 ἶ

156 2527 229 2586 ΗΑ
257 2523 339 2608 πρὸς
366 2523 403 2586 τὸ
430 2520 493 2586 άπὸ
518 2524 604 2603 ΗΔ,
633 2521 739 2596 οὕτως
761 2519 780 2602 ἡ
805 2524 873 2584 ΑΔ
900 2521 983 2604 πρὸς
1006 2521 1067 2603 τὴν
1092 2525 1169 2585 ΛΔ.

156 2624 198 2711 ἦν
218 2628 264 2712 δέ,
288 2630 332 2704 ὡς
350 2630 387 2694 τὸ
407 2628 470 2693 άπὸ
491 2633 567 2692 ΑΗ
585 2629 667 2713 πρὸς
690 2628 727 2691 τὸ
747 2625 810 2691 ἀπὸ
830 2631 912 2710 ΗΔ,
936 2626 1041 2704 οὕτως
1061 2627 1082 2710 ἡ
1102 2631 1173 2692 ΑΚ
1276 2651 1277 2658 “

156 2737 239 2821 πρὸς
262 2739 344 2799 ΚΔ
378 2739 468 2800 ἔσται
492 2737 570 2820 ἄρα,
598 2735 643 2810 ὡς
665 2733 685 2816 ἡ
710 2737 777 2797 ΑΔ
804 2735 887 2818 πρὸς
911 2737 993 2816 ΑΔ,
1022 2735 1128 2810 οὕτως
1152 2735 1170 2817 ἡ

158 2845 229 2905 ΑΚ
249 2842 331 2925 πρὸς
355 2844 438 2904 ΚΔ·
465 2842 543 2926 ὅπερ
568 2843 700 2905 άτοιιον.
747 2840 808 2904 οὐκ
831 2841 895 2924 άρα
917 2841 1058 2916 κάθετός
1081 2841 1171 2905 ἐστιν

105 2953 138 3002 25
158 2947 178 3029 ἡ
198 2951 278 3010 ΗΛ.
316 2946 437 3029 ὁμοίως
461 2944 497 3010 δὲ
521 2949 700 3029 δείκνυται,
724 2948 774 3011 ὅτι
797 2943 876 3011 οὐδὲ
900 2949 982 3029 άλλη
1005 2949 1093 3031 πλὴν
1114 2957 1170 3031 τῆς

157 3055 243 3117 ΗΚ·
269 3051 289 3134 ι]
312 3055 376 3137 άρα
400 3057 474 3116 ΗΚ
494 3054 634 3130 κάθετός
658 3053 747 3118 ἐστιν
771 3051 823 3117 ἐπὶ
845 3055 907 3136 τὴν
930 3059 1011 3118 ΑΔ.

231 3289 254 3336 1,
274 3284 352 3334 ΑΓΔ
372 3311 405 3319 -
426 3279 509 3352 ἐστιν]
530 3285 551 3333 Α
559 3285 607 3334 ΓΔ
628 3280 720 3349 μεῖζόν
740 3280 794 3334 ἐστι
814 3289 863 3335 τοῦ
882 3285 964 3335 ΑΖΔ
982 3300 1009 3350 p.
1071 3291 1122 3336 τοῦ
1138 3314 1168 3321 -

159 3361 182 3407 3.
203 3354 292 3424 ΑΓΔ]
313 3369 366 3405 om.
387 3368 408 3404 c.
482 3357 506 3406 2.
526 3351 556 3405 τὸ
576 3351 631 3419 ἄρα
652 3384 684 3391 -
705 3357 729 3405 4.
751 3353 813 3422 ΖΔ]
833 3369 886 3405 om.
906 3371 933 3420 p.
1012 3359 1036 3406 8.
1058 3355 1124 3423 ΒΘ]
1143 3371 1169 3422 p,

158 3424 307 3478 ABch.
354 3423 428 3492 ΚΗ]
445 3426 542 3490 HKp.
591 3429 630 3476 13.
651 3422 688 3492 ζ’]
707 3441 733 3491 p,
753 3423 964 3490 mg.m.rec.V.
1014 3429 1053 3477 16.
1069 3425 1168 3494 ΑΗΔ]

159 3499 245 3547 ΑΗΔ
264 3493 356 3562 ὀρθὴν
372 3493 482 3563 ἔχοντος
500 3493 551 3562 τὴν
566 3493 635 3561 πρὸς
648 3499 686 3564 τῷ
701 3497 731 3546 Η
743 3495 849 3562 γωνίαν
868 3512 893 3561 p.
951 3499 992 3548 17.
1012 3492 1104 3566 βάσις]
1119 3495 1169 3563 τὴν

161 3564 253 3632 ὀρθὴν
272 3562 378 3633 γωνίαν
397 3561 582 3617 ὑποτείνουσα
600 3561 762 3632 τουτέοτι(ν)
781 3563 798 3631 ἡ
818 3568 866 3616 ΑΔ
885 3582 910 3631 p.
976 3571 997 3617 Α
1005 3565 1048 3635 Η]
1069 3569 1124 3618 ΗΑ
1142 3583 1168 3633 p.
