2574 3882
178 221 220 284 62
447 225 535 275 ΠΕΡΙ
552 223 767 277 ΚΤΑΙΝΔΡΟΤ
785 226 921 280 ΤΟΜΗΣ.

176 365 241 431 ἀπὸ
272 375 331 450 τῆς
362 371 427 430 ΡΤ
455 365 610 453 δευτέρας
642 369 820 453 διαμέτρου
852 377 910 452 τῆς
942 369 1044 453 αὐτῆς
1079 381 1188 456 τομῆς,

177 473 282 549 οὕτως
305 472 325 555 ἡ
351 477 424 538 ΘΗ
441 477 563 556 πλαγία
585 483 645 538 τοῦ
668 475 779 551 είδους
801 477 927 561 πλευρὰ
945 478 1029 562 ιιρὸς
1046 479 1109 561 τὴν
1129 483 1194 542 ΘΧ

177 578 308 666 ὀρθίαν.

245 703 313 769 ἐπεὶ
341 701 403 770 οὖν
430 705 450 787 ἡ
478 701 539 789 μὲν
569 709 637 770 ΘΚ
657 714 696 790 τῆ
720 711 786 770 AZ
808 707 1017 792 παράλληλός
1041 708 1145 792 ἐστιν,
1169 708 1188 792 ἡ

142 807 214 877 5δὲ
240 815 303 875 ΘΟ
326 823 365 898 τῆ
389 817 465 896 ΑΕ,
489 812 534 888 ὡς
556 813 621 897 ίίρα
643 813 680 876 τὸ
704 812 768 876 ἀπὸ
791 822 849 896 τῆς
871 818 940 877 ΑΕ
959 815 1043 900 πρὸς
1065 817 1102 879 τὸ
1126 814 1189 879 ιἰιιὸ

175 926 233 1001 τῆς
251 922 324 1002 ΕΖ,
348 919 454 994 οὕτως
476 919 513 983 τὸ
537 917 600 982 ἀπὸ
624 927 682 1002 τῆς
707 923 770 983 ΘΟ
793 921 876 1005 πρὸς
898 921 935 984 τὸ
955 919 1019 984 ἀπὸ
1037 930 1095 1004 τῆς
1114 925 1188 986 ΚΟ.

176 1022 248 1088 ἀλλ’
278 1025 322 1102 ὡς
349 1022 410 1109 μὲν
437 1027 474 1090 τὸ
503 1024 566 1090 ἀπὸ
594 1034 651 1108 τῆς
678 1030 747 1090 ΑΕ
772 1027 854 1111 πρὸς
876 1027 913 1091 τὸ
936 1026 1001 1091 ὑπὸ
1025 1038 1092 1092 τῶν
1116 1032 1188 1110 ΒΕ,

175 1135 252 1215 ΕΓ,
276 1132 382 1209 οὕτως
404 1133 441 1197 τὸ
465 1132 528 1198 ιἰιιὸ
552 1141 609 1216 τῆς
629 1136 702 1196 ΘΗ
721 1131 898 1218 διαμέτρου
922 1142 980 1216 τῆς
1000 1143 1060 1198 τοῦ
1078 1136 1189 1199 κώνου

174 1248 275 1323 τομῆς
302 1241 384 1324 πρὸς
412 1241 449 1304 τὸ
477 1237 541 1304 ἀπὸ
569 1248 626 1322 τῆς
654 1243 720 1302 ΡΤ
744 1237 900 1324 δευτέρας
927 1239 1104 1326 διαμέτρου
1131 1249 1190 1324 τῆς

124 1363 157 1410 10
177 1346 278 1428 αὐτῆς
301 1354 411 1428 τομῆς,
435 1346 479 1421 ὡς
502 1342 539 1409 δὲ
561 1347 598 1409 τὸ
623 1345 686 1410 ἀπὸ
710 1354 767 1428 τῆς
793 1349 856 1409 ΘΟ
879 1347 961 1432 πρὸς
983 1349 1020 1410 τὸ
1044 1347 1108 1411 ἀπὸ
1131 1356 1190 1430 τῆς

176 1455 256 1534 ΟΚ,
287 1451 392 1527 οὕτως
419 1453 456 1515 τὸ
485 1451 548 1516 ιἰκὸ
576 1461 634 1534 τῆς
664 1455 736 1515 ΘΗ
758 1453 841 1537 πρὸς
868 1453 904 1516 τὸ
934 1452 996 1516 ἀπὸ
1025 1462 1082 1537 τῆς
1110 1457 1188 1538 ΚΛ,

174 1555 345 1622 τουτέστιν
373 1557 478 1633 οὕτως
505 1559 541 1622 τὸ
570 1556 633 1622 ιἰιιὸ
661 1566 718 1641 τῆς
745 1562 816 1622 ΗΘ
843 1558 1020 1645 διαμέτρου
1049 1569 1105 1644 τῆς
1128 1569 1188 1624 τοῦ

174 1664 357 1750 κυλίνδρου
379 1673 480 1748 τομῆς
502 1665 585 1750 πρὸς
606 1665 644 1728 τὸ
668 1662 731 1728 οάιὸ
755 1674 812 1749 τῆς
835 1663 990 1751 δευτέρας
1008 1665 1187 1752 διαμέτρου

174 1779 232 1854 τῆς
255 1779 315 1835 τοῦ
337 1772 519 1856 κυλίνδρου
539 1779 649 1855 τομῆς,
668 1771 713 1846 ὡς
732 1770 866 1855 ἐδείχθη
885 1775 1059 1858 πρότερον·
1083 1773 1103 1856 ἡ
1123 1774 1188 1859 ἄρα

122 1895 155 1942 15
175 1876 313 1964 δευτέρα
340 1877 514 1964 διάμετρος
541 1887 598 1962 τῆς
625 1887 684 1942 τοῦ
712 1879 894 1964 κυλίνδρου
917 1887 1018 1963 τομῆς
1041 1885 1094 1962 ίσῆ
1120 1878 1188 1944 ἐστὶ

174 1994 213 2068 τῆ
241 1988 307 2048 ΡΤ
330 1983 467 2072 δευτέρα
496 1983 658 2072 διαμέτρῳ
682 1994 739 2068 τῆς
762 1994 821 2049 τοῦ
844 1986 955 2050 κώνου
977 1995 1086 2069 τομῆς.
1132 1989 1190 2050 καί

174 2090 264 2154 ἐστιν
286 2091 306 2174 ἡ
330 2092 501 2176 διχοτομία
520 2100 578 2174 τῆς
598 2095 671 2156 ΘΗ
684 2091 766 2155 κατδι
784 2093 821 2156 τὸ
841 2096 883 2175 Σ,
905 2090 961 2156 καὶ
978 2093 1062 2178 πρὸς
1080 2091 1187 2178 ὀρθὰς

174 2198 285 2278 ἄνεται
313 2208 352 2283 τῆ
382 2202 455 2262 ΘΗ
478 2197 615 2284 δευτέρα
642 2197 816 2284 διάμετρος
840 2207 898 2282 τῆς
920 2207 979 2262 τοῦ
1002 2200 1186 2284 κυλίνδρου

173 2313 283 2387 τομῆς,
306 2305 414 2390 ὥσπερ
437 2303 493 2369 καὶ
511 2303 531 2387 ῆ
551 2308 627 2368 ΡΤ·
650 2303 670 2386 ἡ
694 2299 762 2389 ἄρα
777 2308 843 2368 ΡΤ
857 2303 994 2390 δευτέρα
1013 2305 1187 2391 διάμετρός

120 2426 154 2474 20
174 2409 243 2475 ἐστι
268 2420 326 2495 τῆς
353 2434 387 2476 τε
415 2421 475 2476 τοῦ
498 2413 608 2476 κώνου
630 2408 685 2476 καὶ
707 2420 765 2495 τῆς
787 2419 847 2475 τοῦ
870 2411 1052 2496 κυλίνδρου
1076 2420 1185 2496 τομῆς.

173 2517 292 2602 ὁμοίως
319 2515 356 2583 δὲ
382 2517 402 2601 ἡ
434 2522 507 2583 ΘΗ
530 2518 704 2604 διάμετρός
731 2517 800 2582 ἐστι
829 2527 887 2600 τῆς
913 2526 973 2581 τοῦ
996 2515 1107 2582 κώνου
1130 2516 1185 2582 καὶ

172 2634 230 2708 τῆς
256 2634 316 2690 τοῦ
343 2627 525 2713 κυλίνδρου
548 2634 661 2710 τομῆς·
693 2625 730 2689 τὸ
757 2628 787 2687 Ρ
805 2625 869 2710 ἄρα
893 2635 1028 2708 σημεῖον
1052 2623 1105 2689 ἐπὶ
1129 2635 1186 2708 τῆς

171 2742 314 2818 κυνικῆς
337 2731 606 2817 ἐπιφανείαςκαὶ
629 2729 682 2796 ἐπὶ
704 2739 761 2814 τῆς
784 2739 843 2794 τοῦ
866 2732 1047 2817 κυλίνδρου
1067 2731 1184 2816 ἐπιφα-

172 2843 262 2914 νείας
289 2839 366 2904 ἐστί.
415 2839 516 2903 πάλιν
543 2837 612 2902 ἐπεὶ
640 2838 676 2902 ἐν
703 2849 775 2914 ταῖς
797 2849 911 2921 τομαῖς
933 2846 993 2902 τοῦ
1016 2861 1051 2902 τε
1073 2839 1184 2903 κώνου

119 2960 153 3009 25
172 2944 228 3009 καὶ
254 2954 314 3009 τοῦ
342 2946 524 3031 κυλίνδρου
552 2946 589 3008 αἱ
614 2945 714 3008 αὐταί
734 2946 797 3008 είσι
820 2943 990 3030 διάμετροι
1012 2945 1033 3026 ῆ
1055 2968 1091 3009 τε
1115 2948 1188 3009 ΘΗ

172 3049 227 3116 καὶ
249 3050 269 3134 ἡ
293 3055 368 3134 ΡΤ,
395 3049 450 3115 καλ
477 3051 498 3135 ἡ
526 3053 617 3137 τρίτη
642 3052 706 3132 ἄρα
733 3050 897 3132 ἀνάλογον
924 3051 944 3134 ῆ
968 3050 1065 3136 αὐτῆ,
1089 3077 1184 3118 τουτ-

242 3377 267 3425 2.
289 3369 362 3440 ΘΗ]
384 3370 486 3437 ΗΘῙ).
570 3369 802 3439 6.KO]OKp.
886 3372 926 3421 11.
946 3368 1181 3436 πρδςτό-λὶ).

173 3443 243 3513 ΗΘ]
263 3457 316 3496 om.
334 3458 361 3508 p.
430 3439 707 3510 14.τῆς-τομῆς]
727 3456 779 3492 0111.
798 3457 825 3506 p.
896 3444 937 3492 19.
956 3438 1072 3564 ῆώλλῆ
1091 3439 1135 3493 bis
1154 3459 1182 3509 p.

207 3519 249 3566 21.
268 3519 317 3581 τῆς
334 3511 395 3582 τοῦ]
414 3519 463 3580 τῆς
480 3528 510 3563 τε
528 3519 577 3564 τοῦ
595 3528 622 3579 p.
678 3517 720 3564 22.
742 3508 843 3580 Ρᾶρα]
863 3508 998 3578 ἄραΡμ.
1069 3509 1181 3582 κί]καλ

172 3580 218 3636 έιτί
235 3601 262 3651 p.
335 3587 377 3636 26.
397 3580 479 3652 αὐτῆ]
499 3580 570 3649 αίιτή
589 3581 643 3634 ἐστι
661 3599 688 3648 p.
