2574 3882
365 257 369 266 .
390 217 440 266 DE
460 215 636 268 SECTIONE
656 216 834 268 CYLINDRI.
1077 213 1119 278 29

106 359 209 444 igitur
237 381 349 424 secans
377 362 434 423 aut
461 359 567 423 basim
595 381 723 443 quoque
749 363 920 442 utramque
951 362 1039 423 secat
1063 363 1121 422 aut

109 466 245 530 alteram
283 469 339 530 aut
371 470 529 530 neutram.
582 465 648 529 iam
679 466 821 550 primum
852 470 1003 530 neutram
1035 469 1122 530 secet

107 572 290 656 efficiatque
317 573 353 636 in
381 573 549 656 superficie
579 573 717 656 cylindri
739 572 859 636 lineam
884 575 992 636 ΓΕΔ.
1039 572 1121 657 dico,

107 679 227 744 lineam
265 682 363 744 ΓΕΑ
401 701 505 762 neque
542 679 699 744 circulum
735 701 805 743 esse
841 700 945 762 neque
981 679 1120 763 figuram

105 786 315 850 rectilineam.

174 892 240 956 iam
272 892 474 956 rectilineam
506 893 644 978 figuram
671 913 742 956 eam
770 914 836 957 non
862 913 945 968 esse,
978 892 1119 976 adparet.

106 1021 196 1082 nam,
220 998 248 1062 si
271 999 341 1063 fieri
363 1003 486 1084 potest,
509 999 553 1063 sit
575 999 681 1084 figura
703 999 885 1082 rectilinea,
910 1003 1120 1082 sumatnrque

107 1105 194 1169 latus
222 1105 354 1189 aliquod
382 1106 451 1170 eius
476 1108 546 1169 ΓΕ.
592 1104 745 1188 quoniam
770 1105 872 1190 igitur
894 1105 929 1168 in
952 1104 1120 1187 superficie

108 1211 245 1295 cylindri
269 1213 332 1276 duo
356 1215 479 1296 puncta
502 1215 633 1295 sumpta
657 1216 732 1275 sunt
753 1215 789 1294 Γ,
810 1216 842 1275 Ε
861 1233 928 1275 non
950 1211 986 1274 in
1009 1211 1121 1274 eodem

108 1317 209 1381 latere
243 1318 380 1402 cylindri
413 1317 523 1402 posita
554 1313 654 1404 (latus
688 1317 774 1381 enim
807 1317 907 1382 talem
937 1317 1057 1381 lineam
1086 1317 1122 1380 in

111 1423 237 1486 duobus
265 1423 395 1507 punctis
422 1444 490 1486 non
517 1419 633 1510 secat),
661 1427 750 1488 recta
777 1429 899 1507 puncta
922 1427 963 1506 Γ,
991 1429 1023 1488 Ε
1046 1445 1122 1490 con-

108 1528 246 1613 iungens
260 1528 296 1592 in
310 1528 479 1612 superficie
494 1528 631 1613 cylindri
646 1533 707 1614 est3
727 1529 814 1612 quod
828 1529 1121 1594 demonstrauimus

108 1635 179 1700 fieri
206 1657 273 1700 non
299 1658 395 1719 posse
421 1635 525 1720 [prop.
545 1634 650 1720 ἮΙΙ]Ι
696 1635 806 1720 itaque
834 1635 920 1700 linea
943 1639 1007 1700 ΓΕ
1033 1641 1122 1701 recta

109 1763 177 1806 non
199 1747 261 1826 est3
286 1765 364 1828 ergo
387 1743 494 1829 figura
518 1745 618 1807 ΓΕΔ
640 1742 808 1808 rectilinea
829 1765 896 1807 non
918 1747 976 1807 est.

175 1849 241 1913 iam
278 1849 579 1932 demonstrandum,
613 1871 653 1912 ne
691 1848 847 1913 circulum
883 1849 1013 1934 quidem
1050 1871 1121 1913 eam

110 1976 188 2019 esse.
288 2011 289 2016 ,

176 2061 329 2146 quoniam
359 2062 445 2126 enim
472 2061 606 2146 planum
634 2061 787 2126 sectionis
812 2063 912 2126 ΓΕΔ
937 2060 1035 2146 plano
1064 2061 1123 2126 cir-

110 2167 174 2232 culi
196 2174 229 2232 A
255 2168 446 2252 parallelum
473 2190 540 2232 non
568 2172 631 2254 est,
661 2169 820 2252 producta
850 2167 948 2252 plana
974 2167 1060 2232 inter
1088 2190 1122 2232 se

111 2275 275 2339 secabunt.
313 2279 432 2359 secent,
456 2274 563 2358 sitque
585 2275 765 2339 communis
785 2296 898 2338 eorum
917 2275 1018 2339 sectio
1040 2276 1121 2358 ZH,

113 2385 145 2443 ct
175 2403 234 2465 per
266 2387 297 2446 A
330 2386 478 2446 centrum
510 2381 551 2445 ad
582 2385 654 2446 ZH
680 2380 955 2466 perpendicularis
987 2381 1124 2445 ducatur

112 2491 231 2570 oAH,
272 2510 330 2572 per
368 2492 435 2552 ΘΑ
477 2492 586 2552 autem
623 2509 778 2570 axemque
815 2487 949 2571 planum
985 2488 1123 2552 dueatur

9 2639 10 2642 ,
109 2593 287 2657 sectionem
306 2594 449 2658 efficiens
468 2593 503 2656 in
522 2593 667 2676 cylindro
685 2593 1025 2677 parallelogrammum
1044 2596 1112 2656 ΘΚ
1114 2645 1123 2678 ‚

110 2698 145 2761 in
169 2701 269 2762 ΓΕΔ
292 2703 401 2764 autem
424 2699 567 2764 sectione
580 2685 713 2763 'rectam
734 2701 813 2781 ΓΛ,
837 2703 870 2762 et
892 2702 982 2762 recta
1001 2701 1065 2763 ΓΔ
1087 2699 1122 2763 in

111 2808 143 2868 A
161 2805 196 2868 in
215 2806 295 2868 duas
314 2810 423 2888 partes
445 2805 596 2889 aequales
620 2809 709 2870 secta
730 2809 838 2870 rectae
859 2809 931 2869 ZH
948 2804 1122 2888 parallelae

111 2911 269 2976 ducantur
288 2917 359 2996 pc‘r
386 2917 417 2976 A
449 2916 538 2977 recta
565 2916 688 2995 EAM,
720 2935 779 2997 per
806 2917 838 2976 A
865 2916 975 2977 autem
1002 2912 1122 2992 ΝΑΞς

110 3017 219 3118 itaque
236 3023 326 3102 ME,
345 3023 384 3084 N
386 3018 417 3092 Ξ
437 3009 522 3084 inter
545 3043 579 3084 se
601 3020 775 3104 parallelae
795 3023 871 3084 sunt
890 3019 996 3104 [Eucl.
1009 3019 1067 3104 XI,
1080 3019 1126 3103 9].

111 3146 168 3207 per
181 3129 262 3190 EM
274 3125 377 3212 igitur
394 3125 529 3210 planum
543 3127 614 3190 basi
629 3126 766 3210 cylindri
780 3125 973 3210 parallelum
987 3127 1124 3190 ducatur

110 3229 143 3318 in
166 3232 311 3314 cylindro
336 3233 513 3298 sectionem
537 3233 680 3298 efficiens
702 3237 862 3312 OEHM3
884 3232 996 3316 itaque
1020 3231 1122 3295 sectio

114 3339 217 3402 ΟΕΠ
236 3338 375 3402 circulus
399 3344 458 3425 est,
481 3339 572 3404 cuius
596 3325 773 3412 diametrus
795 3343 845 3404 est
865 3343 937 3403 ΟΠ
952 3330 1057 3422 [prop.
1077 3337 1122 3422 V]

112 3439 143 3504 in
167 3446 198 3506 A
225 3441 260 3506 in
288 3443 367 3508 duas
395 3449 505 3529 partes
533 3444 683 3528 aequales
712 3449 807 3508 secta.
854 3443 1008 3528 quoniam
1036 3444 1122 3508 enim

111 3543 144 3610 in
170 3549 342 3636 triangulis
369 3551 529 3615 similibus
554 3555 667 3634 ΛΟΓ,
697 3547 805 3640 ΛΠΔ
828 3555 877 3614 est
902 3551 966 3614 ΓΛ
981 3581 1023 3603 =
1039 3555 1122 3633 AA,
